2700 4764
79 284 82 291 .
148 226 218 296 aaa
389 211 894 287 ’.ΝΝΝΝΝΑοΝΝΝΝΝοΝ
921 230 975 283 an
1019 230 1022 237 ·
1043 158 1071 333 J

19 408 21 415 ’
75 422 80 434 ‘
146 421 245 506 λέμου
272 409 441 501 μνασθεὶς.
465 418 498 472 et
523 409 639 487 Pollux
659 404 716 471 ΙΙΙ.
738 403 797 472 60
820 398 1069 495 Δυρόξινόςδὲ,
1102 395 1176 470 iia
1196 397 1253 481 τῆς

148 511 234 592 κατα
256 508 315 587 τόν
342 508 487 601 πόλεμον
507 512 672 597 ἐπιμιξίας
690 532 750 592 την
770 507 889 598 γνῶσιν
912 501 1141 595 πεποιημένος.
1177 501 1254 571 ,Ιλὶα
1302 559 1304 562 ,

149 623 457 688 Grammaticorum
472 611 636 701 expositio
651 609 737 676 binis
753 615 944 706 Eaadpidae
958 611 1089 689 locis,
1078 629 1117 673 m
1132 605 1256 696 quibua

149 723 320 815 δορυξένων
332 718 372 785 fit
384 723 530 796 mentio,
562 715 714 803 adprime
736 720 907 802 congruit,
947 735 1093 803 quorum
1107 711 1193 775 alter
1214 707 1258 773 est

130 818 188 895 ‘in
210 823 329 889 Medea
357 843 388 886 Ν.
414 820 497 911 687.
522 819 669 885 alteria
692 815 860 885 Androm.
887 841 917 883 Ν.
950 839 1032 907 999.
1085 816 1260 908 Sapltocles

131 935 242 996 'enim
267 931 301 989 in
321 925 504 988 Electran.
532 919 788 986 45.a1n0ed
804 921 921 986 Col'n
940 921 1023 985 624
1047 915 1261 1010 παραχριῖται

58 1090 61 1097 ,
147 1032 192 1129 sp}
216 1030 300 1112 λέξαι
337 1021 607 1115 ποιητικώτερον,
646 1035 782 1086 uicum
802 1028 975 1119 Eustatlzio
996 1023 1126 1111 loquar.
1151 1040 1260 1107 neque

153 1143 190 1201 in
205 1128 356 1224 Aeschyli
368 1127 498 1216 Chaep
499 1151 559 1194 101
578 1151 607 1190 v.
623 1127 704 1191 560.
719 1137 798 1195 etv.
815 1146 899 1217 9121.
922 1132 1078 1215 propriae
1098 1123 1260 1208 fignifica-

154 1241 256 1302 tionis
280 1235 362 1298 adeo
383 1230 533 1295 habenda
557 1229 716 1292 elisatio.
774 1228 956 1295 Utauiem
977 1228 1029 1308 id
1053 1225 1144 1315 quod
1162 1224 1262 1311 supra

155 1335 401 1406 arefactorum
423 1353 628 1418 receperam,
672 1351 762 1393 manc
785 1354 891 1419 porro
909 1331 1092 1418 'essequam
1132 1348 1262 1415 ponam

155 1447 280 1506 iterum
294 1434 487 1502 mendosam
509 1436 871 1504 Ammonianaenotae
887 1435 1103 1521 scripturam,
1144 1428 1262 1494 deinde

157 1540 368 1606 eruditorum
385 1536 784 1603 hominumcaniecturas
803 1538 984 1603 sublicium.
1037 1535 1210 1651 Conupta
1230 1536 1265 1595 in

159 1651 274 1759 Anam.
294 1641 395 1706 verba
416 1640 498 1705 haee
521 1640 611 1706 sunt.
642 1635 734 1720 α’λιὲς
762 1635 826 1730 γαρ
856 1643 965 1724 ξενίων
997 1631 1100 1730 τυχόν
1132 1629 1266 1729 ἄφεὶθυ

160 1743 242 1840 πρός
276 1743 336 1815 τοῦ
367 1746 523 1833 πολεμίου
548 1741 651 1836 λότρα
677 1741 840 1832 λαβόντος
877 1737 1046 1834 μναόἡνὴ
1075 1734 1266 1828 τεταγμένη.

159 1850 228 1933 Pro
242 1849 370 1914 ultimis
386 1849 494 1915 verbis
507 1854 681 1942 Scaliger
672 1871 716 1912 111
725 1849 814 1912 libro
836 1847 894 1913 suo
911 1856 1102 1912 correxerat
1118 1837 1269 1932 μανδόην

161 1958 352 2040 τεταμένην·
390 1973 474 2040 quae
494 1951 671 2039 scriptura,
719 1957 931 2040 quantumvis
950 1960 1046 2013 acute
1069 1951 1268 2032 excogitata,

163 2079 241 2121 cum
262 2060 408 2124 veritatis
433 2055 580 2119 colorem
599 2076 679 2142 prae
698 2053 732 2118 se
755 2075 824 2118 non
851 2052 995 2130 ferebat,
1035 2056 1146 2117 varios
1171 2045 1270 2111 fimul

163 2158 239 2235 adii,
262 2180 281 2220 a
296 2155 416 2245 quibus
431 2177 500 2220 non
514 2157 615 2220 dubia
628 2157 775 2221 medelae
789 2155 862 2243 spes
876 2154 1099 2241 adsulgebat.
1123 2149 1193 2215 Vir
1206 2149 1270 2214 Ge

162 2256 362 2328 leberrimus
397 2262 431 2327 C.
453 2258 496 2327 A
530 2263 684 2328 Dukerna
701 2257 765 2323 hae
786 2264 918 2325 ratione
937 2259 1052 2323 locum
1074 2254 1133 2319 fibi
1164 2253 1271 2318 videri

83 2398 147 2443 200
168 2358 431 2432 constituendum
465 2359 672 2446 significavit·
714 2353 817 2439 alode
834 2354 898 2451 γάρ
914 2361 1025 2446 ξενίαν
1053 2350 1155 2447 τυχόν
1180 2344 1273 2476 dapal-

165 2469 218 2548 θη
249 2489 284 2532 α.
318 2489 346 2530 τ
375 2489 409 2530 α.
436 2457 537 2555 λότρα
568 2457 742 2550 λαβόντος·
776 2462 844 2550 μνᾶ
875 2458 913 2531 d'
952 2457 993 2547 ἦν
1031 2491 1051 2546 η
1082 2464 1271 2549 τεταγμένη.

165 2566 355 2634 Praeclarae
378 2566 616 2630 emendationis
635 2566 769 2631 laudem
794 2572 961 2653 partietur
982 2565 1074 2631 Nob.
1098 2567 1274 2635 Matutine

167 2675 340 2748 Ηόνοιίια,
363 2673 421 2755 qui
440 2669 555 2732 eadem
567 2669 665 2757 plane
677 2674 806 2733 ratione
826 2668 1041 2756 separandam
1057 2687 1174 2732 vocem
1189 2689 1275 2753 μνα-

168 2762 229 2854 δὴν
255 2769 444 2860 perspexit,
479 2771 532 2835 sed
560 2795 625 2861 pro
645 2766 734 2853 οἷλτὲς
752 2765 817 2866 γαρ
841 2770 940 2837 scribi
959 2771 1079 2835 maluit
1096 2764 1190 2849 οἱλιὶς
1209 2760 1274 2858 γαρ

168 2883 223 2944 καὶ
236 2877 342 2958 ξενίων
354 2867 464 2963 τυχόν.
508 2874 713 2940 Clarissimus
727 2878 994 2946 veroArnaIdua
1007 2872 1183 2938 solutionis
1194 2893 1276 2959 pre-

169 2984 257 3042 tium
278 2970 348 3040 non
367 2974 591 3041 definiendum
612 2977 676 3042 esse
698 2977 856 3057 eredidit,
888 3001 926 3043 aa
940 2976 1082 3065 proinde
1101 2981 1277 3060 corrigen-

171 3079 270 3143 dum:
308 3071 406 3157 όλοός
435 3072 498 3169 γάρ
518 3085 574 3144 καὶ
604 3081 710 3161 ξενίων
732 3073 833 3169 τυχόν
856 3075 888 3149 οἷ.
913 3106 950 3150 ιτ.
977 3107 1004 3148 τ.
1030 3105 1063 3146 ιτ.
1089 3072 1196 3168 λύτρα
1217 3082 1277 3144 λα-

171 3175 290 3268 βόντος
310 3175 383 3246 τινα
407 3176 447 3260 δή
472 3188 664 3268 τεταγμένα·
692 3175 817 3269 ὀμόσας
842 3186 954 3252 δὲκαὶ
975 3177 1121 3276 φυλάξας
1142 3207 1171 3249 κ.
1195 3183 1275 3249 τ.λ.

113 3350 118 3359 ‚
173 3280 263 3370 quod
274 3285 429 3367 inprimis
441 3280 636 3348 considerari
650 3297 798 3354 meretur
809 3298 950 3374 propter
966 3289 1142 3355 Plutarchi.
1150 3281 1279 3360 locum,

173 3387 266 3450 ouius
285 3393 417 3473 partem
435 3407 519 3448 mox
541 3384 706 3466 adseram,
731 3389 862 3475 quando
880 3393 974 3478 prius
988 3385 1280 3455 eradicamen-

173 3490 222 3558 hii
242 3491 465 3552 coniecturam
484 3508 561 3552 oum
576 3487 720 3554 Lectore
735 3498 1034 3557 communicavero.
1086 3490 1117 3554 Is
1129 3487 1193 3552 ubi.
1205 3492 1281 3574 pri-

173 3612 269 3655 mum
291 3586 377 3679 μνᾶν
396 3582 455 3673 τόν
479 3595 671 3678 τεταγμένην
689 3593 868 3678 legendum
882 3593 945 3659 else
959 3598 1159 3668 coniecerat,
1186 3588 1280 3677 post·

175 3713 213 3756 ea
235 3697 377 3776 graviori
398 3694 535 3759 vulnere
552 3693 666 3768 locam
688 3694 846 3762 afflictum
865 3697 929 3761 esse
944 3694 1189 3784 suspicabatur,
1215 3689 1281 3755 hac

177 3803 289 3856 autem
310 3799 438 3861 ratione
459 3797 710 3887 corrigendum:
765 3791 894 3893 cipri&
920 3826 1004 3892 προς
1027 3795 1086 3867 τοῦ
1107 3795 1282 3884 πολεμίου,

177 3889 293 3985 λότρον
314 3893 486 3984 λαβόντος
500 3896 700 3988 καταβολιμ
725 3929 764 3996 ap
784 3907 958 3998 τεταγμένη
982 3902 1121 3989 κομίσας
1143 3892 1203 3970 οὖν
1224 3902 1284 3965 ναι

178 4008 238 4061 etc.
257 4009 297 4060 ut
323 3995 443 4065 scilicet
455 4002 496 4067 ab
519 4002 610 4068 hoste
636 3974 757 4072 dimissa
780 4029 845 4094 pro
867 4006 1083 4071 redemtionis
1103 4003 1181 4069 suae
1200 4022 1285 4089 pre-

176 4104 226 4162 tio
250 4097 360 4186 postea
390 4101 567 4171 adferenda
592 4108 753 4195 quaedam
781 4108 1004 4197 deposuerint.
1028 4120 1088 4172 eto.
1145 4106 1204 4170 Ex
1227 4102 1285 4166 his

179 4205 376 4271 coniecturis
392 4213 617 4303 unusquisque
631 4211 746 4296 eligat,
773 4232 855 4303 quae
871 4209 930 4276 fibi
941 4207 1288 4300 proxime‘videbitur
