2700 4764
306 316 314 323 ,
444 247 841 343 rnanfa'rrn.
1122 208 1188 311 ‘m

50 495 53 500 ,
82 415 129 488 In
161 415 299 489 Codice
333 415 443 511 Regis
463 418 614 490 ¹Galliae
644 419 732 492 huic
770 417 945 516 opusculo
978 417 1077 490 aliud
1107 426 1190 520 περὶ

83 518 349 618 ἀκυρολογίας
388 519 576 620 subiungi,
620 525 698 619 post
739 522 952 595 Labbaeum
998 522 1190 595 admonuit

82 621 294 696 Fabricius:
314 621 430 719 ,quod
457 623 545 720 quin
577 628 776 722 genuinum
801 630 843 698 lit
866 626 1057 697 Aurrnonii
1082 652 1188 721 opuS,

82 725 238 798 minime
261 725 464 814 dubitabit,
494 728 558 823 qui
590 730 666 800 eius
697 748 801 801 notas
831 730 870 799 in
892 727 1043 819 Ἀτιλὲς,
1080 727 1187 821 Βιός,

82 827 286 903 Γενέθλιον
303 847 369 905 etc.
391 830 580 927 relegerit,
616 850 780 903 ettotam
803 831 987 903 scribendi
1011 831 1189 911 rationem

81 931 256 1013 hebuerit
282 928 516 1028 perspectam.
570 935 606 1007 Is
622 935 818 1007 .Ammonii
846 950 1012 1005 tractatus
1039 935 1188 1005 alteram

80 1033 197 1106 veluti
222 1035 331 1107 buius
353 1033 518 1130 opusculi
544 1059 682 1132 partem
712 1036 906 1108 constituit.
958 1037 1062 1107 Libri
1088 1064 1190 1132 argn-
1272 1076 1284 1099 ι

80 1156 248 1210 mentum
279 1163 325 1210 ex
350 1136 476 1210 Nonio
510 1141 616 1210 etiam
648 1139 826 1213 'Marcello
852 1137 1022 1232 cognosci
1053 1138 1187 1234 potell;

79 1265 165 1312 nam
186 1240 218 1312 is
237 1240 349 1341 capiti
372 1245 436 1312 De
455 1243 670 1338 differentiis
692 1245 884 1315 verborum
905 1242 999 1314 illud
1020 1241 1188 1333 subiecit,

82 1349 158 1440 quo
180 1363 307 1416 tractat
332 1347 394 1415 De
419 1346 639 1441 Impropriis
648 1400 660 1433 ,
685 1350 767 1445 περὶ
785 1345 1070 1443 Ἀκνρολογιάςι
1101 1358 1105 1363 ’

187 1445 374 1537 Tandem,
406 1446 509 1544 quod
536 1448 639 1545 lirpra
664 1449 810 1547 incoepi
842 1447 982 1540 dicero,
1016 1445 1188 1545 antiquis·

79 1542 191 1619 fimus
212 1550 465 1646 Aristophanis
488 1550 688 1624 Scholiasta
710 1579 753 1625 ex
779 1552 900 1625 nostro
925 1552 1052 1625 libello
1075 1579 1186 1623 uuam

80 1649 376 1725 observationem
418 1653 550 1752 attigit,
591 1649 825 1751 eiusdemque
861 1673 1047 1727 auctorem
1082 1675 1188 1724 vocat

77 1753 349 1849 Ammonium,
365 1753 410 1826 ad
431 1751 625 1828 Ecclefiaz.
650 1783 683 1826 v.
709 1761 795 1849 607.
819 1757 943 1830 Verba
967 1755 1187 1829 scholiastae

77 1855 303 1931 adscribam:
336 1857 521 1958 Μείρακα
548 1857 584 1932 δ’
620 1862 799 1935 ἐνταῦθα
837 1856 948 1932 δοκεῖ
983 1857 1189 1955 ἀρσενικῶς

81 1959 284 2059 εἰρῆσθαι,
322 1961 455 2035 καίτοι
484 1962 701 2060 Ἀμμωνίου
735 1962 930 2055 λέγοντος,
967 1958 1185 2063 Μειράκιον

82 2071 154 2138 καὶ
178 2063 359 2164 Methana
384 2064 505 2159 ταύτῃ
528 2064 722 2166 διαφέρειν
729 2125 741 2158 ,
769 2064 830 2141 ὅτι
861 2066 905 2139 τὸ
926 2068 1000 2162 μὲν
1029 2060 1183 2165 Μειρά-

81 2196 173 2242 κιον
201 2173 261 2243 ἐπὶ
289 2162 513 2267 decertanti,
559 2171 602 2243 τὸ
640 2171 681 2244 δὲ
717 2171 869 2267 Melam}
897 2173 957 2242 ἐπὶ
974 2167 1184 2258 ‘dalmacii

81 2272 188 2356 Quae
217 2268 388 2343 universa
420 2297 565 2344 omnem
594 2275 643 2343 ita
667 2274 800 2344 tollunt
825 2271 1110 2363 dubitationem,
1143 2289 1185 2343 ut

79 2400 128 2447 ne
161 2372 350 2472 scrupulus
381 2375 536 2471 amplius
572 2374 732 2449 resideat.
797 2379 879 2448 Per¹
903 2394 1023 2447 antam
1060 2373 1183 2465 velim,

78 2496 124 2548 ut
137 2476 180 2547 in
202 2477 389 2575 posterum
402 2477 719 2572 ‹praestantilsrmus
732 2479 898 2570 libellus,
923 2503 1035 2575 quom
1057 2476 1184 2551 idonei

77 2579 222 2654 iudices
253 2579 456 2652 Herennio·
472 2609 546 2653 non
581 2581 774 2679 indignum
797 2579 1068 2671 iudicaverunt,
1100 2586 1186 2650 Am·

79 2683 211 2755 monio
240 2683 381 2756 auctori
410 2682 599 2755 tribuatur.
1176 2752 1179 2757 ,

188 2784 229 2881 Si
246 2784 365 2884 itaque
394 2805 521 2857 auctor
552 2784 672 2859 noster
695 2780 873 2856 dicendus
896 2783 939 2854 lit
953 2782 1183 2875 Ammonius,

81 2885 189 2986 quod
212 2889 361 2960 omnino
377 2887 604 2961 statuendum
623 2884 770 2979 censeo,
790 2885 915 2985 quaeri
940 2884 1076 2983 potest,
1102 2887 1182 2984 quis

80 2990 233 3068 tandem
264 2989 309 3063 lit
331 2991 396 3063 iste
422 2991 664 3079 Ammonius,
695 3011 731 3063 et
753 3016 828 3088 quo
850 2989 1068 3088 potillimum
1094 3011 1184 3063 tem·

11 3086 16 3093 ’
78 3120 174 3194 pore
194 3095 372 3169 floruerit.
409 3094 598 3187 Emultirr,
624 3093 759 3192 quibus
779 3090 820 3163 id
842 3119 976 3167 nomeu
997 3094 1067 3181 luit
1084 3120 1183 3166 com-

79 3224 215 3290 mune,
248 3217 323 3274 tres
350 3197 602 3270 tantummodo
627 3197 665 3267 in
692 3195 839 3270 censum
867 3198 991 3270 venire
1018 3196 1182 3293 pollunt3

80 3299 130 3373 de
154 3299 392 3373 duobus'fuit
415 3328 435 3372 a
461 3299 579 3372 doctis
609 3299 822 3372 hominibus
843 3300 1059 3396 cogitatum,
1093 3326 1184 3394 quo·

79 3395 162 3476 rum
193 3406 297 3497 -olter
339 3401 598 3501 Philosophus·
625 3401 714 3494 fuit,
772 3400 1038 3475 Grammaticus
1083 3403 1183 3473 alter.

78 3508 221 3580 Eorum
260 3503 490 3599 sententiam,
531 3506 596 3602 qui
638 3505 878 3576 Ammonium
919 3502 1100 3576 Hermeae
1139 3504 1181 3574 F.

78 3607 342 3682 nostrum-nelle
370 3608 570 3699 voluerint,
608 3628 786 3680 memorat
813 3604 969 3705 Baylius.
1027 3606 1182 3678 Ioannes

78 3709 224 3784 loni-ius
254 3711 321 3784 De·
342 3711 520 3808 Scriptor.
552 3711 645 3785 Hist.
678 3707 816 3782 Philos.
847 3710 890 3782 L.
925 3706 994 3780 Ill.
1022 3735 1053 3780 c.
1078 3734 1183 3783 xvnr.

78 3840 187 3901 eum,
205 3812 359 3912 induit,
399 3816 597 3910 aliquando
619 3825 804 3885 auctorem
835 3813 975 3885 credidi
1002 3811 1108 3883 libelli
1135 3817 1184 3884 de

30 3952 34 3957 ¹
75 3940 208 3991 vocum
233 3918 461 3989 Graecarum
482 3917 702 4013 dfferentio.
753 3915 857 3988 Idem
879 3913 1016 3989 sensisse
1038 3914 1183 3990 videtur

78 4019 256 4121 elegantis
285 4021 341 4093 vir
368 4019 525 4117 ingenii,
566 4020 778 4092 Emmanuel
812 4017 1005 4112 Martinus,
1039 4037 1117 4109 aut,
1155 4011 1184 4086 fi

78 4122 132 4195 itt
157 4122 335 4215 marolis,
365 4123 474 4196 buius
505 4121 599 4194 vitae
626 4119 780 4222 scriptor
814 4118 1016 4195 Maianfius.
1069 4115 1184 4218 Quod

80 4234 173 4301 veto
195 4223 339 4300 Codici·
354 4226 438 4301 MS.
453 4300 456 4305 ,
471 4225 680 4326 Anglicano-
698 4226 889 4300 Ammonii
917 4225 1095 4299 Hermeae
1119 4247 1191 4295 nos

923 4438 935 4467 9
