2700 4764
186 218 290 317 Jmm
500 248 905 313 raraaarro.

188 421 347 498 eundem
376 419 478 493 suilla
509 420 709 495 contendit
760 420 888 492 Recte!
926 444 1045 517 neque
1072 415 1142 488 bac
1175 413 1291 486 etiarnx

190 527 237 599 de
273 553 312 598 re
341 525 415 597 nlla
447 523 557 598 debet
580 525 649 597 oss'e
676 524 867 595 dubitatio.
921 523 1040 593 Huius
1069 516 1289 592 autem'Ha

188 628 366 721 raclidae,
406 629 469 724 qui
497 625 679 724 scripserit
704 634 787 727 περὶ
810 626 1031 715 καθολικῆς
1063 616 1285 719 προσῳδίας,

169 751 341 831 metatore
371 733 513 828 penitus
542 729 579 803 sc
604 731 772 827 ignorare
802 733 992 828 profitetur
1012 722 1211 813 Memfim,
1246 721 1288 791 in

188 833 372 908 Chalcidii
396 834 589 906 Timaeum
609 860 646 930 p.
675 840 733 906 18.
760 832 816 905 Ne
841 859 955 922 aune,
980 856 1074 927 qnae
1095 853 1138 898 ex
1164 819 1289 896 Ionfio

186 936 246 1012 De
270 936 306 1008 S.
329 936 376 1007 H.
400 940 442 1011 P.
466 937 507 1009 L.
533 935 582 1009 ΙΙ.
609 965 641 1008 c.
662 962 710 1007 xr.
741 935 773 1031 l.
810 946 844 1020 4.
879 933 952 1032 peti
986 930 1144 1028 pollent,
1171 927 1290 998 incer-

187 1039 282 1112 tiora
304 1037 507 1134 consecter,
527 1040 684 1130 conflat,
705 1065 825 1135 neque
844 1038 884 1109 id
899 1035 1077 1136 ignorarit
1097 1025 1290 1118 blenrfius,

188 1141 412 1221 Heracliden
442 1148 484 1216 ἐν
516 1143 567 1241 τῷ
598 1147 680 1240 περὶ
700 1138 925 1230 'audeliana
948 1133 1158 1236 προσῳδίας
1182 1130 1290 1203 citari

188 1247 245 1319 ab*
269 1245 472 1344 Apollonio
499 1245 696 1317 Alexandr.
727 1242 773 1316 de
803 1245 905 1343 Synt.
935 1243 1001 1314 IV.
1027 1267 1059 1312 c.
1087 1266 1119 1308 x.
1141 1264 1176 1332 p.
1199 1237 1288 1305 526.

187 1349 356 1447 adeoque
401 1348 604 1445 Apollonio
632 1335 744 1420 ⁴certe
781 1346 1023 1444 antiquiorem
1066 1335 1291 1412 Heracliden

189 1471 270 1523 ante
286 1482 289 1489 ¹
304 1449 464 1522 seculum
498 1448 698 1522 secundnm
736 1447 907 1521 ssorniffe.
979 1442 1091 1530 Quod
1126 1440 1154 1511 li
1190 1464 1290 1510 nunc

187 1552 456 1645 monstravero,
485 1553 585 1625 hunc
618 1551 837 1625 Heracliden
866 1549 1053 1621 Ammonii
1087 1544 1159 1616 mei
1184 1539 1290 1613 suille

189 1660 496 1754 praeceptorem‚'
514 1655 596 1752 quis
628 1656 774 1727 taudem
806 1655 853 1727 de
885 1653 1024 1725 summa
1058 1648 1166 1720 buius
1201 1645 1294 1715 anti-

189 1760 328 1857 quitate
355 1756 524 1830 dubitet?
571 1758 755 1831 Nimirum
779 1758 816 1828 in
842 1758 888 1828 V.
915 1752 1129 1852 Σταφυλὴν
1152 1748 1202 1820 ita
1237 1748 1293 1818 lo·

189 1863 314 1958 quitur
349 1861 586 1933 Ammonius:
625 1858 873 1958 Ἡρακλείδης
903 1860 924 1933 ὃ
953 1856 1134 1955 ἡμέτερος
1163 1848 1292 1949 φησίν.

191 1963 343 2059 Triplex
384 1963 494 2033 huius
537 1964 844 2036 denominationis
894 1962 1036 2034 reddita
1076 1958 1146 2030 tuit
1182 1953 1290 2025 ratio.

190 2064 376 2140 Fabricius
401 2064 444 2136 Β.
471 2065 516 2136 G.
544 2066 587 2137 L.
616 2065 681 2140 IV.
708 2094 740 2138 c.
765 2071 824 2139 26.
848 2093 884 2162 p.
915 2090 997 2159 177.
1028 2057 1213 2157 ἡμέτερον
1236 2052 1292 2126 ἱυέ

190 2186 426 2262 terpretatur,
473 2193 519 2237 ear
561 2170 765 2260 Aristarchi
801 2171 928 2242 Schola
976 2163 1289 2239 Grammaticom.

191 2265 332 2341 Ionsrus
369 2268 418 2341 II.
448 2266 486 2340 c.
509 2295 558 2340 xr.
601 2272 650 2342 ita
680 2273 725 2342 ab
763 2271 960 2344 Ammonio
1001 2267 1140 2340 dictum
1174 2281 1292 2360 putat,

190 2376 251 2445 ael
277 2373 374 2468 quod
394 2385 543 2468 uterque
567 2376 840 2447 Alexamlrinur
856 2376 997 2466 suerit,
1026 2373 1087 2447 vel
1110 2371 1207 2465 quod
1234 2368 1295 2436 hic

190 2500 276 2547 eum
295 2477 512 2570 magistrum
534 2473 711 2549 babuerit.
739 2476 959 2551 Postremum
979 2476 1164 2547 rationem*
1176 2466 1295 2540 solam

191 2605 316 2650 veram
347 2575 416 2650 elle
438 2577 606 2653 arbitror.
656 2579 752 2652 Nam
781 2578 882 2676 qnod
909 2576 1156 2652 Aristarchens
1181 2571 1295 2644 fuerit

190 2674 424 2774 Heraclides,
459 2701 497 2754 et
525 2680 688 2754 eiusdem
721 2682 894 2774 civitatis,
925 2679 1052 2756 habuit
1083 2703 1168 2750 cum
1197 2674 1293 2760 aliis,

191 2785 236 2853 ab
278 2782 490 2879 Ammonio,
516 2785 689 2880 laudatis,
727 2810 933 2859 commune.
998 2776 1144 2868 Quaero
1181 2776 1294 2868 enim,

191 2913 281 2959 num
312 2912 387 2959 uon
417 2885 597 2985 Didymus
627 2908 663 2960 et
694 2888 846 2988 Trypho
882 2882 1117 2960 Alexandrini
1142 2879 1294 2970 fuerint,

191 3008 231 3060 ct
248 2987 445 3058 Aristarchi
467 2987 601 3060 sectam
626 2990 773 3085 publice
795 2981 972 3087 profelli‘l¹
989 3012 1108 3084 neque
1124 2982 1293 3080 estquod

192 3090 328 3181 instes‚·
357 3109 465 3185 atquc
500 3117 645 3187 urgeas,
681 3092 948 3164 Aristarcbcum
985 3088 1169 3188 ἡμέτερον
1203 3084 1292 3177 dici,

193 3210 237 3265 ut
259 3193 304 3262 ab
329 3192 407 3262 aliis
429 3191 632 3266 Heraclidis
657 3190 859 3268 secernatur
867 3248 880 3282 ‚
913 3218 998 3266 uam
1023 3187 1295 3291 leptem'Didy·

194 3321 276 3369 mos
299 3294 401 3367 dabit
426 3294 567 3368 Snidas.
617 3296 705 3370 Sola
725 3298 849 3394 itaque
881 3295 1040 3388 obtinet,
1071 3300 1191 3392 qnam'
1209 3317 1295 3390 pro·

194 3396 298 3490 bavi,
325 3397 485 3469 nominis
510 3400 622 3472 ratio:
648 3401 728 3496 pari
750 3399 864 3472 modo
883 3397 1090 3474 Damaseius
1110 3389 1296 3491 Simplicii

194 3500 411 3599 praeceptor
447 3500 470 3575 ὁ
504 3499 684 3601 ἡμέτερος
724 3500 949 3601 Δαμάσκιος
980 3498 1102 3574 vocari
1136 3496 1233 3571 ⁴solet
1272 3522 1295 3567 a

187 3602 409 3700 Simplicio,
458 3604 670 3679 observante
712 3605 881 3678 Fabricio
934 3605 977 3678 Β.
1014 3605 1061 3675 G.
1092 3601 1135 3675 L.
1172 3601 1218 3672 V.
1260 3625 1293 3670 e.

197 3728 300 3777 xxix.
322 3706 353 3802 §.
384 3734 416 3794 ¹.·
439 3708 527 3781 Vol.
554 3707 662 3781 VIII.
687 3735 723 3807 p.
749 3711 834 3781 620.
862 3729 898 3781 et
925 3711 1011 3780 626.
1035 3702 1296 3794 Commemiui‚

196 3832 256 3879 me
274 3808 468 3904 aliqnando
495 3810 685 3882 aSummo
710 3809 994 3884 Hemllerhnibo
1010 3808 1194 3905 accipere,
1221 3804 1298 3875 He-

197 3910 360 3982 racliden
384 3912 586 3985 'Enllatbio
633 3914 782 3987 citatum
826 3911 1156 3989 Grammaticorum
1201 3933 1298 4004 pene

196 4010 300 4083 suilla
340 4012 634 4109 eruditissimum,
680 4038 722 4089 ut
753 4016 845 4092 adeo
881 4017 920 4088 in
957 4013 1145 4087 Ammonii
1187 4013 1299 4083 etiam

173 4113 409 4210 ,praestantia
449 4115 662 4191 Heraclidae
707 4118 926 4219 discipulum
975 4142 1051 4190 nou
1098 4115 1300 4187 difficulter

199 4215 397 4316 dignoscas.
450 4217 581 4319 Neque
614 4243 735 4297 tamen
760 4248 835 4296 non
866 4219 1084 4295 reriffimum
1109 4217 1177 4312 est,
1210 4218 1300 4290 Am-
