2700 4764
70 1164 536 1271 LECTORI
623 1164 1261 1273 BENEVOLO‘

569 1406 683 1480 nn.

232 1614 372 1707 nvn.
409 1614 568 1707 case.
602 1574 1019 1705 varumnam.

20 2004 25 2014 ·
72 1906 306 2058 Ammonii,
333 1963 396 2062 qui
411 1964 570 2037 ornatior
590 1962 629 2033 in
647 1962 835 2061 publicum
855 1960 997 2061 prodit,
1022 1963 1180 2060 libellus,
1201 1990 1204 2007 ¹

72 2065 225 2164 indigno
252 2068 352 2159 loce,
385 2093 504 2163 neque
534 2068 613 2139 ullo
646 2065 710 2138 liro
738 2066 865 2138 merito
892 2093 983 2166 pene
1011 2068 1179 2164 abiectus,

73 2171 115 2242 in
136 2170 234 2242 hunc
263 2196 377 2268 usque
402 2168 499 2240 diem
523 2168 719 2241 delituerat.

176 2271 347 2345 Accidit
339 2271 553 2370 mopinauti,
578 2300 693 2370 quum
713 2271 923 2348 Adversatia
941 2272 1050 2346 llaaci
1067 2274 1201 2347 Voffii.

71 2376 273 2469 versabam,
303 2402 394 2474 quae
425 2373 597 2473 Lugduni
628 2375 710 2447 sunt
742 2377 982 2491 Batavorum,
1003 2399 1043 2448 ut
1070 2378 1203 2450 varias·

73 2480 182 2552 etiam
213 2481 252 2550 in
282 2478 520 2550 Ammonium
550 2479 721 2552 lectiones
752 2467 982 2552 offenderem
998 2506 1017 2552 e
1045 2479 1179 2580 scripto
1196 2476 1201 2541 s

73 2580 214 2655 Codice
240 2610 324 2653 cum
354 2608 439 2653 cura
469 2603 637 2655 enotatas,
692 2582 789 2654 Tum
811 2581 970 2679 primum
992 2583 1180 2654 Amntonii

72 2683 314 2781 cognoleendi
347 2682 473 2757 invafit
496 2711 554 2756 me
586 2685 739 2782 cupido.
798 2684 872 2753 Ubi
914 2683 1072 2754 animum
1105 2685 1178 2755 huc

74 2786 257 2879 converti,
294 2788 457 2887 protinus
486 2813 561 2859 non
601 2788 762 2884 vulgares
804 2784 941 2855 libelli
961 2783 1062 2857 dotes
1099 2812 1179 2883 per·

73 2888 215 2988 spicere
251 2890 419 2989 occoepi,
455 2911 490 2962 et
528 2887 806 2987 praestantillimi
846 2888 1001 2961 auctoris
1043 2887 1177 2961 sortem

72 2992 202 3065 leviter
233 2991 353 3086 dolui,
388 2992 453 3089 qui
482 3020 566 3065 cum
600 2991 717 3064 foedis
748 2991 915 3084 maculis,
948 3018 1034 3090 quas
1059 2993 1179 3103 plere·

74 3122 231 3210 rumque
250 3121 432 3186 errorum,
459 3124 522 3194 qur
512 3095 712 3169 Veterum
736 3095 875 3195 scriptis
897 3094 1067 3188 infident,
1095 3123 1177 3195 pro·
1221 3150 1224 3159 ·

73 3196 245 3288 creatrix,
274 3197 475 3271 inconsulta
494 3220 738 3272 correctorum
766 3199 960 3290 temeritas,
994 3197 1055 3271 seu
1083 3221 1177 3274 tete·

74 3326 160 3372 rum
178 3256 407 3374 libiariorum
427 3300 598 3374 inscitia
588 3322 806 3392 rnvexerant,
830 3300 1036 3400 deturpatus
1055 3302 1178 3373 etiam·

74 3430 164 3473 num
177 3402 318 3497 iaceret,
338 3402 569 3501 gravillimam
584 3429 731 3502 quoqne
749 3405 792 3474 ab
815 3401 974 3476 Henrico
993 3404 1177 3502 Stephano

73 3505 246 3577 iniuriam
265 3504 465 3604 perpellus,
492 3506 580 3577 dum
607 3506 667 3577 alii
688 3506 898 3579 meliuscule
922 3505 1119 3597 habebant,
1142 3527 1177 3579 et
1278 3575 1284 3590 ,

73 3607 247 3680 finitimae
270 3609 437 3681 materiae
457 3608 627 3706 scriptor,
655 3608 701 3681 ad
729 3608 837 3679 huius
860 3607 1055 3681 bonitatem
1079 3610 1178 3681 nulla

76 3709 215 3782 ratione
241 3710 523 3809 comparandus,
552 3710 779 3812 Phrynichus
802 3708 1028 3784 commodam
1052 3710 1176 3785 docto·
1212 3762 1215 3769 ·

76 3840 159 3884 rum
189 3813 380 3886 hominum
404 3842 552 3885 manum
576 3813 716 3885 dudum
737 3816 851 3886 luerat
877 3834 1052 3911 expertus.
1103 3813 1176 3887 Ne·

76 3941 150 4015 que
176 3942 313 4014 nupera
338 3916 427 3989 haec
450 3937 624 3988 meaerat
648 3916 811 4014 querela,
837 3914 918 3987 aute
942 3915 1009 3990 hos
1031 3938 1176 3991 centum

75 4040 113 4090 et
144 4016 379 4117 septuaginta·
396 4018 538 4091 circiter
565 4045 675 4091 annos
706 4018 753 4091 ad
783 4018 882 4091 hunc
914 4018 1064 4093 modum
1091 4019 1176 4092 scri·

74 4141 181 4219 ptum
202 4119 252 4193 est
284 4119 440 4195 aPaulo
467 4119 659 4220 Leopardo
683 4120 720 4193 in
747 4122 842 4195 libro
857 4122 906 4195 X.
930 4120 1117 4196 Emendat.
1140 4148 1173 4193 c.

73 4246 127 4298 vr.
164 4228 281 4301 Extat
313 4228 359 4297 de
393 4225 609 4325 dfferentiio
646 4228 843 4321 utalifflmue
878 4226 1031 4315 libellus,
1071 4250 1194 4325 quem¹
1283 4220 1289 4233 ’
