2700 4764
167 257 248 305 mv
468 234 908 383 {futurarm

172 405 428 491 rabilevideri
453 404 558 503 possit
586 427 693 506 atque
726 403 931 477 ridiculum.
983 395 1026 472 so
1059 424 1096 471 rc
1129 395 1273 494 pervus·

173 531 270 610 gata,
309 531 345 583 et
373 538 392 581 a
425 509 549 583 multis
580 531 662 583 ante
689 507 915 581 Eustathium
950 502 1099 593 tradita,
1132 500 1273 572 adeone

23 594 28 606 '
67 648 70 655 -
174 614 320 687 narius
344 610 487 685 narem
514 608 582 684 fin
608 614 768 685 unum
800 607 1016 681 sormidam
1050 601 1277 677 'ratmunt

173 742 240 791 eae
262 714 590 813 Archiepiscopus,
624 736 666 788 ut
688 713 808 787 sancte
829 712 1055 784 Herennium
1083 703 1275 778 nominet?

177 816 439 911 CrederemuS,
483 814 511 888 li
551 818 704 891 eandem
738 817 877 912 ubique
912 812 1136 909 diligentiam
1173 807 1279 878 adhi-

177 919 318 993 buisset.
371 921 425 993 Ita
439 921 549 1017 igitur
568 922 697 1012 slatuo,
719 917 945 993 Eustathium
964 912 1085 1011 legisse
1106 911 1278 999 eundem,

179 1050 291 1121 quem
315 1024 508 1110 habemus,
537 1023 727 1097 Arumonii
749 1022 933 1111 libellum,
966 1038 1003 1089 et
1029 1015 1144 1087 fimile
1169 1013 1280 1085 etiam

181 1124 395 1222 opusculum
421 1125 487 1199 sub
513 1127 663 1198 nomine
686 1124 864 1197 ssereunii
892 1120 1080 1207 Philonis,
1112 1143 1187 1188 non
1220 1140 1281 1186 ve·

182 1229 267 1301 teris
291 1229 408 1320 illius,
434 1229 670 1301 Grammatici
688 1226 830 1326 Byblii,
854 1223 919 1296 scd
944 1221 1145 1295 Ammonio
1170 1221 1281 1312 longe

182 1331 413 1421 recentioris,
445 1332 509 1428 qui
540 1332 652 1402 multa
680 1328 882 1401 'Ammonio
903 1325 1117 1420 sublegerit,
1153 1342 1190 1396 ct
1211 1320 1284 1393 cla·

183 1460 266 1505 rum
297 1459 431 1506 nomen
461 1432 542 1505 suae
566 1434 706 1530 opellae
738 1433 935 1531 praefigere
961 1427 1128 1501 voluerit.
1182 1422 1283 1497 Huic

183 1532 382 1630 suspicioni
411 1533 523 1609 sidem
558 1537 712 1627 faciunt,
761 1560 853 1633 qnae
885 1531 1090 1605 Ammonio
1125 1556 1209 1603 eum
1244 1525 1285 1596 in

183 1639 297 1711 finem
322 1634 561 1733 subiecimus,
583 1638 703 1713 Ernnii
725 1636 893 1709 Philonis
917 1635 1107 1730 Excerpta.
1159 1633 1217 1704 De
1240 1653 1286 1701 eo

185 1738 379 1833 addubito,
424 1762 546 1815 utrum
581 1740 681 1814 hunc
718 1740 885 1812 libellum
923 1737 1125 1833 pleniorem
1155 1733 1288 1830 legerit

184 1839 412 1936 Eustathius‚
447 1870 493 1916 an
515 1846 731 1940 plerumque
756 1841 997 1915 Ammoninm
1020 1865 1095 1910 non
1122 1837 1290 1909 nomina

188 1964 266 2019 tum
300 1943 538 2042 descripserit.
588 1945 769 2018 Posterius
798 1942 889 2015 adeo
914 1940 1070 2015 insolens
1101 1942 1141 2011 in
1165 1938 1292 2011 Eusta-

189 2046 270 2117 thio
298 2046 582 2120 existimari-non
609 2048 736 2141 debet,
766 2048 830 2143 qui
857 2046 1009 2136 multos,
1042 2069 1199 2141 quorum
1222 2068 1291 2113 noe

190 2148 291 2221 mina
312 2150 462 2240 celavit,
495 2148 543 2221 ad
574 2150 728 2225 verbum
757 2145 1025 2244 transscripsilse
1058 2175 1078 2218 a
1104 2144 1291 2216 nonnullis

189 2250 301 2323 suerit
342 2249 618 2347 deprehensam
658 2251 820 2325 Thomas
861 2250 967 2324 etiam
1005 2248 1173 2347 Magister
1213 2274 1292 2319 non

192 2352 358 2449 exiguam
381 2355 571 2427 Ammonii
593 2376 734 2451 partem
756 2355 796 2425 in
815 2353 981 2430 libellum
1007 2350 1110 2423 suum
1140 2351 1292 2447 recepit,

192 2481 269 2533 nou
294 2451 412 2529 solum
432 2476 552 2530 autem
572 2456 762 2543 Ammonis
780 2455 997 2529 nominatim
1017 2480 1093 2526 non
1114 2454 1294 2546 meminit,

192 2554 316 2633 sedet
345 2585 419 2633 uno
442 2560 482 2631 in
507 2561 610 2654 loco,
637 2580 678 2632 ut
703 2586 750 2631 ne
778 2556 976 2656 quidquam
1004 2552 1132 2630 nostro*
1156 2557 1293 2631 dehere

193 2658 399 2750 videretur,
425 2661 581 2736 Pollucis
608 2661 850 2736 testimonium
875 2658 1072 2757 usurpavit.
1124 2659 1178 2733 Ex
1206 2659 1292 2751 illis,

111 2792 120 2819 r
150 2774 153 2779 '
195 2789 287 2860 quae
317 2761 495 2861 disputata
533 2765 633 2860 sunt,
668 2763 830 2838 constare
868 2763 1046 2850 arbitror,
1091 2762 1186 2835 nihil
1221 2761 1293 2836 else

195 2865 339 2958 causae,
390 2890 611 2966 quapropter
657 2868 887 2940 Herennium
933 2864 1128 2940 Philonem
1173 2864 1294 2941 libelli

196 2967 308 3038 nostri
343 2989 529 3041 auctorem
565 2969 633 3042 else
668 2969 918 3061 crederemus,
952 2994 1062 3067 quem
1094 2968 1295 3041 Ammonio

196 3068 397 3139 constanter
434 3072 600 3142 tribuunt
632 3071 741 3143 MSS.
777 3069 951 3162 Codices,
996 3069 1079 3167 qni·
1099 3069 1140 3142 in
1173 3070 1296 3167 Regiis

198 3167 439 3243 Bibliothccis
468 3169 610 3244 Parisiis
637 3173 733 3249 etin
766 3172 896 3269 Anglia
922 3170 1160 3248 adservantur.
1206 3170 1295 3245 vid.

88 3338 98 3359 ,,
198 3270 480 3366 Montsauconii,
504 3273 586 3347 Viri
604 3275 848 3368 Venerabilis,
868 3274 1097 3350 Bibliotheca
1118 3275 1298 3348 Biblioth.

201 3373 308 3450 MSS.
344 3401 438 3447 nova
481 3403 515 3477 p.
548 3380 634 3451 632.
663 3397 699 3450 et
728 3379 813 3455 685.
878 3376 931 3451 Ex
966 3375 1103 3451 Codice
1136 3377 1299 3452 Parisino

144 3559 150 3575 ,
201 3474 389 3574 decerptas
421 3476 488 3551 else
518 3501 629 3576 puto,
668 3506 754 3576 quas
784 3462 898 3554 Vossii
928 3479 1055 3553 labore
1087 3479 1301 3573 habuimus,

202 3580 315 3651 varias
340 3579 523 3654 lectiones.
561 3582 784 3678 Anglicanos
809 3579 1041 3655 versaverunt
1062 3581 1135 3656 Th.
1153 3583 1301 3676 Galeus,

203 3701 239 3751 et
264 3682 319 3753 lo.
345 3681 564 3778 Pearsonus3
602 3687 706 3757 illum
733 3683 816 3758 vide
850 3682 898 3756 ad
928 3683 1203 3782 inscriptionem
1232 3683 1303 3759 Pa·

202 3783 383 3879 lacphati,
410 3786 510 3862 hunc
533 3787 571 3860 in
598 3786 778 3862 vindieiis
799 3785 949 3883 Epistol.
979 3789 1093 3884 Ignat.
1119 3788 1161 3859 P.
1187 3787 1234 3859 II.
1263 3814 1301 3887 p.

209 3890 290 3956 151.
328 3913 438 3984 quem
474 3889 598 3963 locum
637 3887 812 3963 indicavit
850 3889 1050 3962 Fabricius.
1114 3888 1305 3988 Scriptum

205 3985 396 4060 Ammonii
421 3991 556 4065 librum
589 3990 772 4089 usurpavit
792 3989 1040 4087 Casaubonns,
1072 3993 1176 4066 cuius
1201 3990 1306 4065 hunc

205 4088 310 4162 suisl'e
325 4090 503 4187 indicem,
519 4095 734 4193 Ἀμμωνίου
747 4100 831 4193 περὶ
852 4093 997 4193 ὁμοίων
1014 4101 1087 4170 καὶ
1106 4092 1307 4196 διαφόρων

207 4189 362 4288 λέξεων,
399 4192 524 4269 scribit
561 4199 716 4276 Wolfius
751 4199 790 4269 in
819 4197 1113 4274 Casaubonianis¹
1130 4225 1212 4299 pag.
1246 4205 1308 4273 14.
