2700 4764
81 280 84 287 ,
150 222 219 292 εει
391 207 977 283 leusnvuusroNan
1022 230 1025 235 ·
1067 154 1070 159 ¹
1117 159 1159 177 ι’

78 420 82 429 “
148 417 247 527 λέμου
274 406 444 525 flandrie.
466 415 500 469 et
525 406 641 485 Pollux
661 402 719 468 111.
740 401 799 470 60
820 396 994 516 Ξιλιρόξινος
1018 404 1071 489 δὲ,
1103 393 1179 469 iia
1199 395 1256 480 τῆς

150 507 236 588 xatas
258 504 317 584 τόν
343 505 489 598 πόλεμον
509 509 674 594 ἐπιμιξίας
692 530 752 590 την
772 505 891 595 γνῶσιν
913 499 1143 593 πεποιημένος.
1179 500 1256 569 ,Ista

151 619 459 684 Grammaticorum
474 608 638 698 expositio
653 607 740 673 binis
755 613 946 703 Euripidae
960 610 1060 686 locis,
1080 613 1119 673 in
1134 604 1258 695 quibus

151 720 321 811 δορυξένων
334 715 532 792 fitmentio,
564 712 716 799 adprime
738 718 909 799 congruit,
948 733 1095 800 quornm
1108 710 1195 774 alter
1216 706 1259 772 eft

132 814 331 891 'in-Medea
359 839 390 883 v.
416 816 498 907 687.
525 817 609 881 aiter
633 821 671 881 in
694 812 862 882 Androm.
888 839 920 881 v.
952 837 1035 905 999.
1087 815 1280 906 Sophoclea*

153 932 244 992 enim
269 928 302 986 in
322 921 507 985 Electran,
534 916 922 984 45.a11100d.cot·.v
942 918 1025 983 624
1049 914 1262 1008 παραχρᾶται

60 1086 62 1091 .
148 1029 193 1125 .τῇ
217 1027 302 1108 λέξει
339 1018 609 1112 ποιητικώτερον,
648 1032 686 1084 ut
706 1043 784 1084 cum
804 1026 977 1117 Eustatlria
999 1021 1128 1109 loquar.
1153 1039 1261 1106 nequa

154 1139 192 1198 in
207 1125 305 1217 Arse]
302 1125 561 1220 ryIiChoephor.
580 1149 609 1188 v
625 1125 706 1188 560.
721 1135 754 1193 et
769 1147 800 1188 v.
817 1142 901 1215 9ιιι.
924 1130 1080 1213 propriae
1100 1120 1260 1207 fignifica-

155 1237 258 1299 tionis
282 1231 364 1295 adeo
385 1227 535 1293 habenda
559 1227 603 1290 est
622 1232 717 1290 ratio.
776 1226 825 1291 Ut
844 1239 957 1293 autem
979 1226 1014 1289 id
1022 1223 1147 1313 ,quod
1164 1223 1262 1310 supra

157 1356 214 1402 me
233 1332 402 1398 facturam
424 1351 630 1416 receperam,
673 1348 763 1391 riano
786 1352 892 1417 porro
914 1328 1093 1416 exsequar,
1135 1346 1262 1414 ponam

157 1443 282 1502 iterum
295 1431 488 1499 mendosam
511 1434 761 1501 Ammonianae
774 1444 872 1497 notae
889 1433 1105 1519 scripturam,
1146 1427 1262 1493 deinde

158 1537 370 1603 eruditorum
387 1532 567 1600 hominum
581 1540 785 1600 coniecturas
805 1535 985 1601 subiiciam.
1039 1533 1216 1619 Corrupto.
1230 1534 1266 1593 in

160 1647 276 1714 Amm.
296 1638 397 1703 verba
418 1637 499 1702 haec
523 1638 613 1703 sant.
643 1632 735 1718 α’λεὲς
763 1633 828 1727 γάρ
858 1641 967 1722 ξενίαν
998 1661 1101 1728 τνχων
1134 1627 1266 1727 uipereo

161 1740 243 1837 πρός
277 1739 338 1812 τοῦ
369 1743 525 1830 πολεμίου
550 1739 652 1833 λότρα
678 1739 841 1830 λαβόντος
878 1736 1048 1832 μναδηνὴ
1076 1732 1266 1826 τεταγμένη

161 1846 230 1914 Pro
244 1847 372 1911 ultimis
387 1846 495 1911 verbis
509 1851 683 1939 Scaliger
673 1868 717 1910 m
726 1847 815 1910 libro
838 1845 896 1911 suo
912 1854 1102 1910 correxerat
1119 1835 1268 1931 μανδόην

162 1954 354 2037 τεταμένην·
391 1970 475 2036 quae
495 1948 672 2036 scriptura,
720 1955 932 2037 quantumvis
951 1959 1047 2012 acute
1070 1950 1267 2030 excogitate,

164 2075 242 2117 cum
263 2056 410 2121 veritatis
435 2051 581 2116 colorem
600 2073 680 2138 prae
700 2050 734 2116 se
756 2073 825 2115 nou
852 2050 996 2128 serebat,
1036 2053 1148 2115 varios
1173 2044 1269 2110 simul

164 2154 240 2232 adii,
263 2176 282 2216 a
297 2151 417 2241 quibus
432 2175 501 2216 non
515 2154 616 2217 dubia
629 2154 776 2218 medelae
790 2153 863 2241 spes
877 2152 1080 2239 adtulgebat.
1096 2186 1100 2196 ·
1123 2147 1194 2214 Vir
1207 2148 1269 2214 Ce-

163 2253 363 2324 teterrimus
398 2259 432 2324 C.
454 2256 496 2324 Α.
531 2260 685 2325 Dukerzas
702 2254 765 2320 hac
788 2262 919 2322 ratione
938 2256 1053 2321 locam
1075 2252 1134 2317 fibi
1166 2252 1270 2317 videri

84 2394 148 2440 200
169 2354 432 2429 constituendum
466 2355 673 2443 significavit:
715 2351 817 2438 όλοός
835 2352 899 2449 γαρ
915 2359 1026 2444 ξενίαν
1054 2348 1157 2446 τνχιόν
1181 2347 1272 2447 alpes·

166 2465 218 2544 θη
250 2486 285 2529 π.
319 2485 347 2527 τ.
376 2485 410 2527 π.
438 2453 538 2552 λότρα
569 2455 743 2547 λαβόντος·
777 2460 844 2549 μνῖι
876 2456 914 2530 δ’
953 2455 994 2545 ἦν
1031 2455 1053 2545 ἦ
1083 2462 1270 2548 τεταγμένη.

166 2563 355 2630 Praeclarus
378 2562 617 2627 emendationis
635 2563 770 2628 laudem
794 2571 962 2651 partietur
983 2564 1075 2630 Nob.
1099 2565 1273 2634 Mattlricn

168 2672 340 2744 Ιίὅνοιαο,
364 2669 421 2752 qui
441 2665 556 2729 eadem
568 2666 666 2754 plane
678 2672 807 2731 ratione
825 2666 1042 2754 separandam
1057 2686 1176 2731 rocem
1190 2688 1274 2752 μνα-

169 2763 230 2850 δην
255 2766 445 2856 perspexit,
479 2767 533 2832 sed
561 2792 625 2855 pro
646 2763 734 2850 οἷλιὲς
753 2763 818 2863 γαρ
842 2767 940 2835 scribi
959 2769 1079 2834 maluit
1097 2763 1191 2848 ἀλεὶς
1209 2759 1274 2856 γόρ

169 2879 223 2940 καὶ
236 2873 343 2954 ξενίων
354 2864 464 2960 τυχών.
508 2870 714 2937 Clarissimus
728 2876 995 2944 veroAmuldur
1007 2871 1184 2937 solutionis
1195 2892 1275 2958 pre-

169 2979 258 3037 tium
278 2993 348 3036 non
367 2971 592 3038 definiendum
613 2974 677 3039 etio
698 2975 857 3055 eredidit,
888 2998 926 3042 ac
940 2974 1083 3063 proinde
1102 2980 1276 3059 corrigen-

78 3168 81 3173 .
171 3075 270 3138 dum:
309 3067 407 3152 όλοός
436 3068 498 3165 γαρ
518 3081 574 3141 καὶ
604 3078 711 3158 ξενίων
733 3071 834 3167 τυχιόν
856 3073 889 3147 οἳ.
914 3104 950 3149 π.
977 3105 1005 3146 τ.
1030 3103 1064 3145 π.
1089 3071 1197 3168 λύτρα
1219 3081 1276 3143 λιι·

171 3169 290 3265 βόντος
309 3171 383 3243 τινα
407 3172 447 3257 δη
473 3184 666 3264 τεταγμέναέ
693 3173 817 3266 ὀμόσας
843 3186 954 3250 δὲκαὶ
975 3175 1121 3274 φυλάξας
1142 3206 1173 3248 ιι.
1195 3207 1225 3248 τ.
1247 3182 1275 3245 λ.

113 3345 117 3354 ,
173 3276 264 3366 quod
272 3281 429 3363 inprimis
442 3277 637 3344 considerari
650 3294 798 3351 meretur
810 3296 951 3372 propter
966 3287 1140 3353 Plutarchi
1151 3280 1278 3358 locum,

173 3383 266 3446 ouius
285 3389 417 3467 partem
435 3403 519 3445 mox
541 3381 706 3464 adferam,
731 3388 863 3472 quando
881 3392 975 3475 prius
988 3383 1280 3454 Eruditifflier's·

31 3504 34 3511 ·
172 3486 222 3553 tir·
242 3487 465 3548 coniecturam
485 3505 561 3548 eum
577 3484 720 3551 Laetare
735 3495 1035 3555 communicavero.
1085 3487 1193 3552 [subi.
1206 3491 1280 3573 pri-

108 3578 110 3582 ’
173 3607 269 3650 mum
291 3582 377 3675 μνᾶν
396 3579 456 3669 την
480 3592 671 3674 τεταγμένην
690 3590 868 3675 legendum
882 3591 946 3656 effe
960 3596 1161 3668 comiserat,
1187 3587 1280 3677 post-

175 3709 213 3751 ea
235 3693 377 3772 graviori
398 3690 536 3755 vulnere
552 3688 667 3765 laeum
689 3691 846 3758 afflictum
865 3694 929 3758 effe
945 3692 1190 3782 suspicabatur,
1214 3688 1281 3754 hac

177 3798 289 3852 nutem
309 3796 438 3858 ratione
459 3795 711 3885 corrigendum.
765 3788 894 3891 αφείθη
915 3824 1004 3924 'apog
1027 3793 1086 3865 τοῦ
1107 3794 1281 3883 πολεμίου,

177 3885 293 3980 λότρον
314 3889 485 3980 λαβόντος
500 3893 700 3984 messoria
725 3927 764 3994 τη
784 3905 958 3996 τεταγμένη
982 3900 1121 3987 κομίσας
1143 3923 1204 3968 ονν
1224 3900 1283 3964 ιιαι

178 4003 238 4056 etc.
257 4005 296 4056 ut
322 3992 389 4059 seii'
366 3997 442 4062 hcet
455 3999 495 4064 ab
519 3999 610 4065 hosta
636 4000 757 4069 dimiffi
780 4025 844 4091 pro
867 4003 1083 4069 redemtionis
1103 4002 1182 4067 suae
1201 4021 1284 4087 pre-

176 4099 225 4158 tio
249 4094 360 4182 postea
389 4098 567 4167 adferenda
592 4105 753 4192 quaedam
780 4105 1004 4195 deposuerint.
1029 4118 1089 4170 etc
1144 4103 1205 4167 Ex
1227 4100 1283 4165 his

178 4202 376 4267 coniecturis
391 4209 617 4295 unusquisque
631 4208 746 4294 eligat,
773 4230 855 4300 quae
871 4206 930 4274 fibi
941 4214 1100 4298 proxime
1114 4205 1285 4273 videbitur
