2700 4764
147 278 250 333 mm
491 255 893 318 PRAEFATIO.

147 431 220 505 illis
235 431 388 525 loquor,
412 426 476 527 qui
497 455 516 499 a
539 427 726 498 literarum
746 425 813 498 usu
831 422 914 499 sunt
935 424 1088 529 remoti,
1113 424 1251 499 horum

149 534 248 606 enim
275 529 427 622 iudicia,
460 530 536 603 sere
570 530 724 603 invidae
742 530 954 604 temeritatis
987 530 1112 626 plena,
1143 530 1250 601 sarilo

147 633 415 709 contemnimus
466 653 502 704 et
553 628 812 729 aspernamur}
852 629 914 706 sed
950 631 1117 705 homines
1149 632 1250 725 dico,

147 739 324 813 variarum
352 762 473 807 rerum
496 734 642 807 scientia
664 733 990 827 commendabiles,
1024 735 1108 831 qui,
1139 760 1253 833 quaa·

151 839 201 912 dn
233 840 270 911 in
303 838 386 910 talia
421 840 501 910 loca
536 837 631 909 sorte
665 835 854 924 incidunt,
890 838 1160 909 Grammaticos
1192 863 1253 909 ca-

148 941 391 1034 lumniantur,
416 940 583 1041 nihilque
605 938 777 1038 ungarius
802 940 959 1039 proserri
984 939 1156 1037 potuisse,
1183 938 1252 1011 libi

147 1042 377 1142 persuadent.
443 1042 521 1140 Ego
569 1068 656 1115 vero
698 1044 800 1115 aliter
839 1040 990 1135 censeo,
1029 1062 1065 1114 et
1107 1042 1253 1116 istiusce

151 1147 259 1220 etiam
282 1144 542 1218 observationis
570 1143 760 1217 utilitatem
783 1143 938 1239 agnosco
962 1145 1042 1218 satis
1061 1145 1249 1241 insignem.

149 1248 250 1322 Loca
278 1248 359 1320 sunt
390 1247 435 1320 ad
472 1274 640 1338 manum,
682 1246 720 1318 in
753 1248 887 1346 quibus
918 1273 1027 1320 voces
1060 1249 1189 1344 φῦλον
1216 1266 1252 1321 et

148 1349 321 1450 φύλλον,
356 1378 375 1422 a
400 1350 558 1421 librariis
587 1369 725 1422 temere
758 1370 1003 1446 permutatae,
1031 1349 1105 1421 huc
1135 1374 1251 1449 traque

105 1502 109 1513 ·
150 1451 397 1527 remanserint.
451 1451 599 1523 Pindari
632 1453 735 1524 locus
762 1452 829 1544 est,
858 1450 979 1524 lsthm.
1014 1451 1088 1523 Od.
1119 1453 1186 1528 lv.
1218 1479 1250 1530 v.

146 1550 213 1627 46.
240 1554 285 1626 de
313 1581 388 1651 quo
409 1553 604 1627 etiamnum
629 1552 828 1648 addubito,
855 1582 899 1624 an
920 1555 966 1627 ad
987 1554 1080 1627 hunc
1094 1554 1251 1629 classem

150 1658 280 1730 referri
303 1656 450 1749 debeat,
476 1658 623 1754 inquo,
650 1656 753 1756 quod
773 1659 937 1754 vulgatur
957 1656 1069 1757 φύλλ’
1094 1656 1250 1753 ἀοιδᾶν,

139 1761 239 1853 folia
251 1766 450 1855 poetarum
469 1762 619 1858 peperit,
641 1758 806 1858 quum,li
818 1761 979 1857 legamus
995 1758 1082 1858 φῦλ’
1099 1760 1252 1852 ἀοιδᾶν,

150 1881 200 1933 ut.
214 1861 336 1934 sensus
355 1861 416 1933 fit:
430 1867 571 1955 fimiter
597 1868 724 1933 laudea
753 1866 853 1954 istius
880 1866 964 1934 aeui
988 1878 1117 1957 poetas
1134 1867 1253 1960 pluri·

151 1992 229 2039 moa
257 1968 432 2060 ceciaiffe,
466 1990 506 2038 ea
534 1964 684 2061 quidem
718 1963 822 2037 Odae
853 1964 1058 2063 profundae
1078 1967 1253 2062 particula

149 2067 258 2165 plana
281 2062 447 2138 uideatur
468 2087 506 2138 et
531 2066 711 2165 expedita.

214 2222 217 2226 -
256 2167 442 2260 Tandem,
483 2169 585 2266 qnod
621 2169 686 2242 Sto
714 2168 829 2241 banus
861 2171 1101 2244 Ammonium
1134 2198 1251 2270 propa

45 2288 50 2295 “
150 2269 346 2363 indiguum
361 2271 512 2363 iudicet,
539 2296 649 2368 quem
702 2270 845 2346 hesauri
868 2274 1108 2371 appendicem
1131 2276 1252 2367 saciat,

153 2371 319 2445 omnium
362 2370 497 2445 accidit
539 2372 829 2448 mosellillimttm.
900 2377 1005 2450 Iurat
1047 2375 1123 2475 ipsa
1170 2379 1255 2451 Viri

152 2473 357 2567 Doctislimi
376 2479 488 2550 verba
512 2473 733 2573 adposuisse:
760 2483 872 2567 Quod
880 2484 920 2572 st
943 2484 1024 2576 quis
1043 2495 1168 2576 roget,
1189 2508 1254 2552 cur

153 2578 246 2648 tunc
271 2605 409 2675 quoque
427 2581 580 2671 librum,
608 2606 719 2674 quum
741 2585 917 2654 eiusmodi
916 2588 987 2674 stt,
1011 2588 1256 2679 appendicem

120 2683 333 2786 'Iliacum‘
360 2684 429 2779 effe
450 2687 648 2755 voluerim:
669 2687 908 2779 respondebo,
931 2690 1124 2783 primam,
1156 2693 1257 2783 prrod

153 2788 242 2874 desit
262 2788 327 2882 qui
339 2790 475 2880 ‘melius
488 2789 554 2858 hoe
579 2803 835 2881 argumentum
850 2794 1086 2862 tractaverit:
1109 2786 1255 2880 aetam,

148 2892 253 2982 quod
274 2911 353 2957 raon
389 2892 441 2959 ita
462 2893 516 2979 fit
550 2896 681 2979 malus,
730 2895 817 2984 quia
847 2896 990 2987 aliquid
1019 2895 1103 2963 boni
1129 2920 1174 2965 ea
1209 2924 1252 2969 eo

145 2991 296 3082 percipi
326 3011 455 3083 queat:
488 3008 756 3085 praeterquam
783 3001 882 3087 quod
911 3000 1050 3097 aliquus
1086 3011 1254 3070 veterum

152 3092 246 3160 locos
272 3090 402 3184 affert,¹
436 3097 498 3187 qui
523 3097 586 3163 viu
608 3094 696 3163 alibi
725 3096 880 3192 sortaffie
910 3102 1070 3191 reperiri
1097 3102 1253 3193 queant:

145 3195 335 3287 pestremo
364 3198 462 3288 quart
496 3198 721 3290 typographi
750 3205 994 3290 cortslretuclirri
1027 3211 1140 3297 (puae
1169 3229 1254 3294 cora,-

139 3292 298 3387 suetudo
317 3298 471 3391 peffima
495 3301 564 3388 est)
589 3303 906 3394 aliquicltribuere
926 3318 1112 3398 coguntur.
1190 3375 1193 3379 .

153 3426 167 3445 -·
258 3396 404 3483 Quanto
428 3399 563 3479 rectius,
579 3399 763 3498 scripsisset
779 3403 995 3500 Stephanus,
1023 3432 1042 3477 e
1063 3407 1254 3502 veteribus,

152 3503 218 3596 ¹qui
254 3497 512 3573 adcuratiorem
549 3503 690 3599 linguae
729 3503 940 3579 tradiderint
975 3507 1094 3598 usum,
1121 3508 1254 3584 solum

64 3678 67 3684 ,
150 3601 324 3701 superesse
351 3601 603 3694 Ammonium,
628 3604 848 3704 propositum
872 3609 938 3680 rite
960 3609 1121 3705 exsequi,
1139 3634 1254 3710 atque

151 3722 246 3775 tanta
268 3704 481 3778 cruditionis
498 3706 605 3777 laude
628 3705 696 3778 else
711 3709 1048 3797 commendabilem,
1073 3734 1114 3786 ut
1128 3716 1253 3786 nullus

84 3804 88 3810 ’
152 3805 260 3875 ctiam
291 3827 401 3897 extet,
441 3804 576 3906 equo,
615 3807 736 3881 habita
777 3812 919 3910 exiguae
953 3815 1059 3887 molis
1099 3817 1252 3912 rationo,

151 3926 240 3987 tam,
256 3905 368 3978 multa
399 3908 533 3981 discere
560 3937 741 4005 queamus.
800 3912 871 3984 Etll
901 3917 996 3987 enim
1029 3944 1154 3990 vocum
1187 3919 1253 3993 hic

149 4007 368 4108 potislimnm
394 4011 590 4109 proprietas
619 4012 668 4084 est
692 4012 900 4112 spectanda,
932 4018 968 4088 in
997 4048 1253 4120 quamcunque

150 4132 288 4209 partem
315 4130 349 4182 te
374 4134 502 4207 vertas,
529 4116 675 4186 habebis
699 4115 800 4214 quod
833 4146 936 4190 curae
963 4119 1014 4192 fit.
1069 4123 1251 4221 Antiquos

152 4213 260 4309 ritus,
280 4234 319 4286 et
340 4214 379 4287 in
404 4213 460 4285 his
484 4217 598 4290 Attici
610 4219 694 4292 -sori
718 4219 1013 4295 cousuetudinem
1036 4226 1152 4323 tetigit
1177 4227 1251 4299 fre·
