2700 4764
140 244 200 313 ux
494 241 916 329 ,enarrarre

153 417 358 509 'dictionum
381 412 487 498 nobis
503 411 750 512 suppeditavit.
804 411 888 483 Sola
911 431 1029 483 autem
1051 409 1256 508 scriptionis

155 519 306 590 finitima
336 515 498 588 materies
526 542 584 589 me
614 514 808 615 permovit,
840 535 882 587 ut
912 513 1128 586 Lesbonacti
1164 513 1256 586 haec

156 623 262 693 ctiam
299 619 539 716 adiungerent.
596 618 654 689 De
690 617 841 689 utilitate
876 645 957 690 cum
996 615 1116 690 Vollio
1154 615 1255 692 idem

155 723 279 797 sentio.
332 722 378 792 Et
403 748 448 791 ne
475 719 532 791 cui
554 721 646 793 forte
671 718 791 792 videar
813 745 938 793 eorum
966 720 1118 818 probare
1144 741 1257 793 teme-

155 827 315 916 ritatem,
351 850 441 922 quos
475 823 510 893 in
533 825 650 895 lucem
676 822 817 914 emitto,
841 820 932 918 quid
958 822 1002 895 de
1029 822 1098 894 bac
1125 823 1255 897 Gram-

154 929 367 1000 maticorum
390 922 517 1023 agendi
539 925 680 1003 ratione
697 924 866 1016 lentiam,
901 923 1021 998 dicere
1051 953 1124 998 non
1148 925 1255 1002 dubi.-

153 1033 247 1103 tabo·
299 1026 527 1121 soloecismi,
554 1047 796 1124 quos.voeaut
820 1027 1073 1119 Grammatici‚
1102 1028 1255 1102 rariores

152 1133 236 1211 snut
262 1130 435 1205 sermonis
461 1156 626 1222 veneres,
655 1128 875 1227 potissimum
894 1130 950 1201 'in
977 1129 1087 1201 huius
1111 1131 1256 1205 illiusve

152 1236 308 1308 Dialecti
336 1233 412 1304 srnu
440 1230 672 1322 reconditae3.
697 1230 823 1303 barum
861 1233 1115 1330 elegantiarum
1147 1234 1254 1307 ratio·

151 1364 252 1431 nem.
274 1336 347 1407 istis
385 1334 593 1406 homiuibus
631 1360 706 1405 uon
745 1333 934 1430 constitisse
974 1334 1067 1407 mibi
1103 1335 1256 1434 quidem

152 1440 323 1538 pulcrum
353 1437 503 1510 videtur.
561 1436 793 1509 Grammatici
828 1436 979 1529 scilicet,
1020 1464 1063 1513 ea
1094 1437 1132 1510 iu
1167 1460 1253 1533 arte,

72 1564 75 1571 ¹
152 1569 261 1638 quam
289 1539 399 1613 solam
427 1537 632 1611 didicerunt
667 1565 742 1610 non
782 1539 829 1610 ad
863 1538 1059 1639 simplicem
1091 1563 1254 1614 veterum

149 1641 365 1741 scriptorum
391 1642 494 1713 usum
520 1640 754 1714 constructam
783 1663 819 1713 et
851 1640 1069 1740 castigatam,
1096 1641 1159 1714 sed
1179 1665 1254 1716 tor·

151 1745 258 1837 tuolis
279 1744 377 1816 tricis
400 1742 601 1837 difficilem,
634 1764 669 1815 et
691 1746 865 1816 'vanorum
895 1743 1088 1818 bominum
1122 1744 1254 1818 delira·

150 1848 279 1929 mentis
307 1847 549 1944 inquinatam,
588 1843 692 1917 stulte
727 1842 890 1943 superbi,
924 1847 1077 1922 invocati
1111 1846 1254 1921 senten·

150 1949 404 2044 tiamssdicuut',
437 1949 552 2020 bonos
581 1944 771 2044 scriptores
800 1945 917 2022 severe
947 1949 1146 2049 vituperare
1174 1978 1252 2039 nou

124 2049 348 2124 ‘formidant
356 2104 368 2139 ,
402 2071 436 2143 et
462 2048 526 2141 illa
549 2047 727 2144 loquendi
747 2062 897 2146 genera,
929 2051 975 2124 ad
1008 2079 1163 2150 quorum
1188 2081 1254 2127 na·

133 2147 257 2228 'tivum
280 2148 561 2251 pulcritudinem
589 2171 624 2222 et
648 2150 836 2225 mirificam
862 2154 1109 2229 excellentiam
1129 2154 1253 2229 humi·

124 2257 202 2340 ,les
231 2255 340 2325 animi
373 2281 448 2327 non
479 2250 690 2350 adsurgunt,
727 2252 965 2331 Soloecismos
995 2255 1084 2350 else,
1119 2257 1252 2334 insulse

150 2357 342 2430 clamitant.
379 2356 483 2443 Hauc
508 2355 743 2452 arrogantiam
762 2356 800 2428 in
823 2358 904 2432 luce
929 2360 1118 2434 collocavit
1140 2381 1253 2459 atque

147 2459 289 2559 pgr-agie
326 2454 500 2557 reprellit,
538 2483 649 2555 quem
681 2483 789 2531 vanae
821 2461 1145 2536 Grammaticorum
1178 2464 1253 2540 irae

124 2562 224 2641 ‘non
266 2562 491 2651 territabant,
546 2557 689 2632 Sextus
713 2559 923 2660 Empiricus.
988 2563 1101 2662 lpsrus
1143 2565 1251 2657 dictis

150 2664 332 2750 nonnulla
352 2662 603 2760 adieci‚‚‚quia
625 2661 716 2734 haec
736 2664 1068 2753 'Grammaticorum
1100 2662 1251 2745 consue·

150 2767 240 2840 tudo
262 2792 327 2866 per
352 2765 523 2867 equidem¹
542 2764 634 2851 mibi
658 2762 796 2864 semper
823 2767 893 2840 visa
916 2769 986 2841 suit
1010 2767 1178 2864 ridicula,
1213 2795 1251 2847 et

150 2897 228 2955 eam
243 2871 298 2958 ,ob
322 2870 495 2940 rationem
513 2866 728 2964 castiganda,
751 2868 853 2966 quod
874 2869 931 2942 his
944 2869 1015 2942 suis
1034 2876 1249 2951 commentis

149 2971 325 3059 efficiunt,
358 2991 398 3039 ut
419 2966 643 3064 elegantioris
673 2969 808 3064 ingenii
838 2970 1004 3045 homines
1032 2976 1248 3063 Grammati-

149 3098 275 3143 corum
299 3069 457 3140 studium
476 3070 523 3157 iu¹
537 3068 742 3151 uuiversum
761 3094 990 3163 contemnant
1002 3097 1045 3156 ,et
1060 3077 1246 3154 irrideant.

149 3172 232 3245 Hoc
258 3194 389 3265 temere
420 3175 460 3243 lit
487 3192 522 3243 et
551 3169 824 3264 inconsiderate:
861 3204 959 3268 narn,
997 3205 1086 3276 quae
1109 3179 1245 3280 scripsi,

149 3278 359 3373 nouusque
383 3274 484 3346 eoin
510 3272 834 3347 Grammaticorum
858 3280 1111 3363 coutumeliam
1127 3286 1246 3384 accipi

134 3378 265 3451 ·vclim.
316 3377 490 3487 Pleraque
518 3435 520 3439 .
548 3375 664 3449 omnis
716 3398 874 3457 veterum
918 3410 1038 3455 rernm
1084 3387 1244 3483 cognitio

148 3479 397 3551 Grammaticis
431 3479 653 3579 continetur,
685 3478 766 3572 sed,
797 3479 884 3553 dum
912 3485 1007 3557 bona
1024 3486 1071 3565 ¹in
1098 3485 1141 3558 iis
1165 3488 1244 3565 lau,-

148 3581 292 3674 damus,
319 3605 354 3678 et
376 3581 539 3679 inprimis
567 3581 776 3678 probamus,
799 3612 831 3671 a
856 3584 1082 3678 soloecismis
1103 3609 1244 3667 tantum

145 3680 340 3782 scriptores
372 3684 539 3778 antiquos
579 3680 818 3778 vindicamus,
859 3708 909 3777 et3
933 3690 1093 3790 ipsorum
1131 3694 1244 3771 etiam

145 3782 347 3879 commenta
372 3813 444 3858 non
466 3784 585 3856 ultimi
615 3783 783 3857 ridemus
913 3856 932 3873 ,,
1001 3876 1003 3880 .
1148 3794 1151 3798 ’

120 3880 123 3887 ’
247 3886 415 3985 Tandem
431 3884 568 3969 icoeffit
589 3886 748 3977 Lexicon
761 3898 849 3989 περὶ
861 3882 1089 3993 πνευμάτων
1111 3897 1243 3973 eCod.

143 3987 260 4082 Vols,
294 3991 387 4064 inter
420 3987 613 4085 (iu-MSS.
644 3989 682 4060 in
711 3996 745 4062 4.
775 3986 968 4088 vicefimp,
993 3999 1057 4096 qui
1089 4021 1242 4092 aetatem

62 4146 66 4153 .
142 4091 211 4163 sert
251 4102 429 4189 annorum
463 4090 605 4164 circiter
639 4096 735 4184 4007,
773 4122 797 4177 a
825 4124 883 4170 me
917 4096 1141 4199 descriptum.
1179 4105 1242 4176 ¹In

138 4193 318 4268 variorum
347 4192 554 4288 libellorum
579 4190 786 4304 ffarragirie,
834 4212 941 4299 quae
957 4201 1115 4292 subiacet
1149 4205 1240 4293 Lex.
