2700 4764
63 212 71 221 “
132 228 178 311 24
232 169 235 175 ¹
384 217 971 295 nurnuuvuuszun

132 408 252 487 veram⁴
268 419 435 482 rationem
458 412 587 481 accessu
611 417 810 509 Salmufiue;
845 411 919 493 sed,
951 408 1041 500 quod
1070 401 1167 499 pace'
1182 408 1247 475 viri

135 525 251 607 magni
266 519 392 584 dictum
408 516 464 596 fit,
487 539 587 607 quam
601 515 680 583 huic
694 521 769 584 voci
784 517 904 585 tribuit
916 513 1124 603 potestatem,
1149 512 1247 577 nullo

36 608 42 627 ’
138 632 337 710 argumento
364 621 453 687 dedit
474 620 663 711 probatam.
722 619 797 685 Huc
830 625 960 686 ratione
990 616 1161 696 inductus,
1197 618 1252 680 vi-.

138 731 226 792 tium
251 732 287 789 in
309 747 389 792 voce
413 719 616 815 προσήλυτος
640 725 758 800 latere,
791 727 930 790 omnino
960 718 1127 808 suspicor,
1156 716 1249 807 quod

146 833 206 894 vix
232 827 307 895 tolli
336 825 428 915 poffe
452 826 608 906 arbitrer,
638 824 699 890 nifi
725 824 874 891 feliciora
905 828 1038 908 ingenia
1064 832 1097 885 et
1124 817 1250 886 harum

145 952 262 998 rerum
284 933 459 1018 peritiores
492 928 592 996 huius
622 931 687 994 loci
717 949 831 992 curam
855 924 1073 1014 susceperint,
1107 935 1141 988 et
1162 926 1251 987 anti-

146 1055 247 1123 quam
259 1038 348 1097 vocis
362 1032 559 1120 scripturum
576 1032 674 1100 nobis
688 1037 922 1097 revocaverint.
972 1026 1095 1093 Variae
1113 1024 1251 1114 quidem

143 1133 273 1222 saepius
296 1132 358 1199 hac
380 1134 420 1198 de
438 1158 475 1200 rc
493 1140 651 1220 cogitanti
672 1133 860 1200 inciderunt
884 1137 1109 1208 coniecturae3
1134 1133 1251 1192 amicis

142 1243 245 1303 etium
258 1242 341 1302 meis
356 1238 463 1324 magis
481 1235 688 1323 ingeniosae3
712 1257 794 1327 quae
817 1259 893 1304 cum
916 1252 1032 1298 omnes
1053 1237 1124 1296 veri
1137 1228 1251 1317 {habe-

141 1351 219 1404 rent
245 1341 403 1433 speciem,
428 1361 545 1406 omncs
567 1337 663 1402 falsas
689 1337 833 1418 credidi,
862 1350 895 1403 et
919 1334 1093 1424 prudentis
1115 1334 1250 1398 lectorio

142 1441 268 1511 iudicio
289 1441 472 1508 verecunde
483 1440 718 1507 subducendas.
771 1439 916 1520 Interea,
943 1461 985 1502 ne
1004 1459 1128 1522 magno
1149 1435 1252 1500 moli-

143 1546 236 1612 mine
258 1540 346 1608 nihil
366 1543 478 1610 videar
499 1543 612 1630 egilse‚
644 1568 708 1632 qua
730 1550 858 1608 ratione
879 1551 1010 1628 receptu
1033 1541 1132 1604 lectio
1152 1549 1252 1627 queat

85 1642 126 1709 31
146 1643 295 1726 defendi,
320 1645 427 1711 dicam
439 1658 562 1711 tamen.
615 1644 741 1712 Nullus
761 1647 896 1725 dubito,
924 1649 1005 1733 quin
1021 1639 1178 1708 Atticum
1199 1646 1250 1706 ius

145 1747 332 1841 respexerit
354 1750 558 1820 Ammonius
564 1799 575 1832 ,
598 1755 794 1839 neutiquam
808 1772 851 1814 ex
865 1748 1100 1813 Romanorum
1121 1743 1252 1830 legibue

144 1851 371 1931 illustrandus,
397 1852 457 1916 nifi
479 1866 638 1943 quatenus
661 1859 834 1943 utriusque
861 1844 983 1940 populi
1012 1846 1160 1912 instituta
1188 1843 1252 1914 hac

56 2004 76 2037 .·
145 1957 183 2023 in
206 1966 301 2041 parte
324 1956 507 2022 couveniffe
531 1956 654 2023 constet
680 1967 712 2019 et
731 1955 946 2044 exploratum
970 1950 1017 2016 fit.
1071 1949 1140 2030 Qui
1160 1946 1252 2037 apud

145 2051 321 2123 Romanos
353 2056 572 2125 creditoribus
599 2068 741 2146 propter
767 2057 877 2122 debita
908 2055 1029 2122 addicti
1059 2052 1100 2122 ab
1131 2050 1253 2119 iisdem

83 2164 102 2210 Γ
148 2155 289 2222 domum
303 2159 525 2238 ducebantur,
543 2165 626 2229 talea
641 2161 785 2230 Attenia
800 2165 880 2230 olim
900 2163 1050 2229 anterius
1068 2159 1141 2250 Iege
1161 2159 1254 2227 Solo-

148 2263 202 2329 nio
216 2253 375 2348 α’γώγιμοι
397 2269 464 2340 τοῖς
487 2265 680 2346 δανείζουσι.
708 2263 808 2329 verba
822 2264 895 2329 dedi
916 2264 1080 2333 Theodori
1095 2261 1255 2330 Marcitii

146 2361 190 2425 ad
203 2361 281 2434 LL.
296 2362 364 2427 XII
377 2364 459 2427 Tab.
475 2388 509 2452 p.
527 2387 582 2454 70.
618 2365 757 2432 Plenam
775 2363 871 2431 fuiiic
888 2366 1017 2450 exlege
1035 2367 1163 2433 Solonio
1184 2383 1255 2426 cre-

40 2528 42 2534 ,
149 2462 250 2532 ditori
273 2471 309 2528 in
332 2465 518 2536 debitorem
540 2464 737 2559 potestatem
756 2474 878 2533 merito
910 2466 1048 2532 credidit
1074 2469 1256 2553 Salmufiue

150 2562 232 2631 obs.
252 2567 293 2631 ad
306 2568 331 2632 I.
345 2564 388 2635 A.
405 2579 437 2634 ot
453 2567 495 2633 R.
511 2593 537 2634 c.
555 2570 616 2637 XI.
632 2591 666 2658 p.
683 2571 765 2659 324.
789 2593 896 2660 neque
919 2568 978 2648 cst,
1007 2569 1097 2658 quod
1119 2569 1256 2639 obnita-

146 2676 206 2736 tur
226 2675 411 2745 Herolduu.
435 2671 640 2743 Clarissimus
661 2672 706 2738 est
722 2677 889 2769 Demrstlu
903 2673 997 2739 locus
1018 2670 1088 2738 adv.
1106 2670 1255 2738 Nicostr.

146 2791 182 2862 p.
201 2773 282 2860 724.
295 2775 334 2840 B.
347 2775 405 2839 ubi
422 2774 645 2858 Nicostratus,
674 2781 785 2868 itam,
810 2782 937 2866 inquit,
968 2779 1055 2845 milri
1073 2779 1257 2868 pecuniam

137 2868 340 2991 suppedito,
361 2905 460 2967 ne,
429 2881 462 2971 s
479 2884 527 2947 ad
543 2878 942 2970 dictumdiemfolvendo
961 2881 1126 2977 nonstm,
1156 2871 1263 2961 αὐτός.

149 2969 313 3066 αγώγιμος
346 2984 504 3069 γένωμαι,
546 2980 658 3074 ipse
643 3011 681 3052 ιη
698 2981 809 3073 servit
811 3001 901 3057 utem
928 2985 1086 3054 absumar.
1136 2979 1292 3074 Itaque·

150 3075 240 3144 debu
227 3089 282 3144 tor
297 3081 468 3146 creditoris
483 3081 630 3148 fiebat
597 3111 663 3152 οικε
649 3078 718 3172 ὗς,
736 3098 769 3152 et
789 3091 827 3152 in
845 3091 914 3152 eius
936 3087 1037 3150 domo
1060 3082 1256 3153 servitutem

151 3176 320 3247 serviebat.
296 3176 558 3272 tHesyclriua:
586 3180 767 3281 Οἰκευς,
749 3183 912 3280 uuigorna
935 3186 1064 3272 οἰκέτης.
1095 3185 1256 3254 creditori

150 3268 390 3363 subiectus,
369 3278 436 3352 vno
461 3283 508 3382 τῷ
540 3288 693 3389 dacrion}
723 3287 908 3379 γενόμενος·
942 3298 988 3357 ita
1019 3301 1106 3357 certe
1135 3310 1256 3353 vocem

56 3453 59 3456 ,
149 3379 369 3476 προσήλυως,
397 3385 459 3450 five
481 3411 713 3483 quamcunque
733 3394 832 3460 aliam
851 3394 942 3482 apud
961 3395 1186 3463 Ammonium
1206 3391 1256 3454 le

152 3493 254 3571 gerit,
276 3495 364 3583 cepit
378 3493 531 3582 Eustutl‘
505 3493 624 3561 turned
638 3493 801 3580 OdyffiZ
797 3519 851 3586 p.
868 3497 951 3561 531.
966 3502 1038 3564 init
1054 3524 1086 3567 οι
1077 3497 1135 3568 ‘tt
1150 3529 1256 3546 --··

152 3614 212 3672 mv
246 3593 440 3686 ἐλευθερίαν
475 3589 769 3686 διασκεπτόμενοι,
818 3601 881 3681 igr)
877 3594 1031 3692 εὐθερον
1065 3606 1123 3686 μὲν
1160 3589 1256 3669 εἷπον

155 3684 214 3759 τόν
247 3689 305 3764 tui
327 3701 419 3791 χρέος
442 3687 509 3768 vad
544 3696 588 3766 τῶ
620 3699 773 3797 δανειστῆ
803 3697 977 3790 γενόμενον
1006 3697 1127 3771 δούλου
1149 3701 1268 3792 δίκην,

155 3785 226 3861 εἶτα
255 3791 541 3889 ἁπολυθέντα,
518 3829 582 3871 une
584 3798 812 3895 λεύθερονὲ
778 3808 812 3872 δὲ
845 3800 903 3875 τόν
928 3810 961 3874 ἐν
983 3803 1022 3900 τῇ
1045 3800 1137 3897 κοινῆ
1161 3808 1259 3888 curn-

152 3897 246 3988 θείᾳ.
265 3923 364 3988 quem
376 3902 539 3970 locumi
503 3925 526 3968 n
525 3901 589 3967 tihi
603 3913 744 3971 comiter
757 3907 913 3972 indicavit
935 3907 985 3972 Cl.
1000 3907 1110 3975 noster
1126 3907 1259 3978 Amal

113 4100 116 4104 Δ
155 4003 232 4069 dur.
225 4008 313 4091 qui
335 4001 421 4069 mihi
443 4005 483 4067 ad
504 4003 590 4070 hanc
611 4015 784 4078 materiam
809 4010 1058 4097 intelligendam
1073 4011 1258 4097 praeluxit.

153 4103 346 4171 Mise1rin1a
374 4103 440 4174 fuit
453 4100 592 4173 diorum
626 4107 806 4176 hominum
833 4114 955 4180 condit'
933 4127 998 4191 t‚10
1031 4117 1103 4206 qui,
1140 4108 1260 4184 amiffa

79 4254 87 4279 t
152 4204 321 4289 libertate,
355 4211 465 4298 priori
498 4215 598 4280 ctiam
623 4216 696 4282 iuro
729 4214 936 4298 exciderant,
967 4221 1004 4284 iu
1036 4237 1121 4284 eum
1138 4215 1259 4287 locum
