2700 4764
397 243 797 306 PRAEFATIO.
1063 270 1170 318 mm

30 419 200 492 ⁴ratione
234 418 361 512 vulga,
403 419 446 488 ἐν
483 416 529 509 τῇ
568 414 775 510 σννηθείᾳ,
816 440 946 490 vocem
982 417 1164 498 adbiberi.

60 522 139 619 Qui
175 520 330 592 aliorum
362 516 401 587 in
443 519 629 590 vocabulis
663 517 893 590 secernendis
930 547 1165 599 curam-non

58 624 286 723 probabant,
321 618 554 711 Heraclidae,
592 622 630 691 in
662 647 695 691 r.
723 622 958 720 Σταφυλῆν,
991 622 1165 702 dicuntur

58 728 309 818 βοηθοῦντες
326 724 371 818 τῇ
397 719 598 818 συνηθείᾳ,
622 724 841 816 Ammonio,
861 725 900 796 in
920 752 954 800 v.
972 726 1165 827 Ὕπάγειν,

62 833 115 902 Οἱ
145 828 391 918 βοηθοῦντες
419 826 465 920 τῇ
497 823 606 911 λέξει.
667 825 830 918 Deinde,
862 853 903 900 ea
930 826 1079 902 demum
1104 860 1200 906 νοω.

56 931 193 1003 cabula
232 928 357 1026 selegit
396 928 632 1020 Ammonius,
675 954 769 1025 quae
809 931 1049 1027 frequentiori
1098 935 1167 1019 usu

58 1033 228 1130 cognita,
253 1051 289 1104 et
312 1032 359 1105 ab
383 1031 428 1105 iis
449 1030 593 1102 fuerant
622 1056 641 1102 e
666 1031 850 1103 veteribua
873 1032 1060 1130 usurpata,
1087 1039 1166 1134 qai,

59 1132 288 1209 emendatam
318 1131 503 1207 scribendi
527 1133 683 1231 formam
710 1132 875 1230 sequuti,
912 1133 986 1208 sese
1016 1139 1063 1211 ad
1095 1142 1167 1214 ele·
1267 1142 1274 1157 ‘

58 1239 234 1337 gantioris
268 1235 465 1325 ‚Atticismi
502 1262 669 1307 normam
718 1238 1049 1313 confermarerant.
1118 1242 1166 1315 Id

58 1340 240 1414 Thornae·
257 1336 434 1436 Magistro
471 1365 546 1411 non
571 1337 697 1430 satuit,
737 1340 783 1410 ab
816 1340 898 1411 aliia
933 1343 1054 1413 minus
1085 1346 1169 1440 per-i

57 1440 242 1541 spectum,
264 1440 406 1514 nodum
430 1439 537 1513 solvit
557 1436 606 1512 fio
626 1440 710 1512 satis
734 1440 957 1517 intricatum.
981 1446 1167 1543 Denique,

56 1545 362 1642 significationum
386 1543 592 1616 discrimina
607 1568 650 1616 ex
664 1564 790 1617 mente
812 1547 1016 1638 Ammonii‚
1038 1548 1165 1646 quoad

58 1646 143 1720 eitra¹
169 1649 251 1721 fieri
284 1647 420 1744 potest,
452 1646 525 1718 late
557 1644 640 1715 sunt
676 1645 906 1742 accipienda,
945 1648 994 1738 ὡς
1022 1656 1081 1724 ἐπὶ
1117 1653 1163 1726 τὸ

56 1747 185 1839 πολὺ,
209 1747 304 1839 sire,
326 1749 381 1820 uti
405 1747 572 1843 loquitur
593 1747 730 1838 noster,
756 1746 804 1834 ὦς
823 1753 883 1821 ἐπὶ
904 1754 1080 1825 πλεῖστον
1094 1752 1167 1829 ἀεί.

56 1851 147 1924 Non
174 1849 330 1947 idagia,
363 1871 404 1923 ut
434 1848 611 1924 sermonis
642 1847 746 1922 nsum
775 1851 934 1924 restricte
955 1855 1166 1948 concludat,

59 1976 115 2046 et,
141 1953 208 2052 qui
239 1949 348 2052 ipfius
378 1955 478 2050 leges
502 1953 680 2049 migrent,
720 1953 834 2024 veluti
857 1952 994 2051 patriae
1019 1957 1166 2052 linguae

52 2057 204 2153 ignaros
231 2055 409 2137 traducat.
436 2055 597 2127 Primam
619 2075 656 2127 et
674 2056 861 2152 propriam
883 2056 1027 2131 tradere
1050 2061 1168 2132 voluit

19 2222 22 2227 .
58 2160 254 2232 verboram
285 2159 478 2250 virtutem,
502 2158 623 2230 minue
648 2158 882 2254 propr-iacet
905 2162 1078 2257 figuratae
1100 2189 1167 2260 op·

57 2260 225 2360 positam.
288 2261 365 2358 Qui
410 2262 568 2358 primam
615 2258 858 2354 consectatur,
899 2262 930 2333 is
963 2262 1167 2337 secundum

59 2360 328 2436 Grammaticos
363 2385 400 2437 et
435 2361 675 2436 Ammonium
708 2364 874 2463 loquitur
900 2367 1042 2464 κυρίως
1048 2395 1063 2455 ,·
1101 2366 1167 2465 qui

57 2467 221 2559 alteram,
244 2466 488 2564 ἀκυρολογεῖ,
513 2469 702 2561 inproprie
722 2471 889 2562 loquitur,
916 2470 1167 2569 καταχρᾶται

58 2570 103 2663 τῇ
137 2566 255 2663 λέξει,
283 2588 410 2661 ¹et‚·a
444 2569 582 2662 nativa,
623 2594 732 2665 quam
760 2571 954 2666 putabant,
990 2572 1166 2667 potestate

58 2670 276 2764 deflectens,
307 2669 527 2770 ἁμαρτάνει
534 2724 546 2760 ,
570 2685 721 2765 peccat,
761 2670 835 2745 five
863 2670 940 2745 οὐκ
971 2672 1164 2769 ὀρθοεπεῖ,

55 2787 202 2845 rectam
233 2800 403 2847 normam
434 2777 593 2868 migrem
625 2772 689 2842 ista
717 2771 816 2842 enim
840 2773 963 2843 omnia
984 2793 1168 2869 permutat

55 2874 206 2950 Noster.
255 2874 379 2974 Itaque
404 2896 478 2949 tarn
510 2871 647 2971 grande
675 2899 752 2945 non
781 2872 831 2946 est
850 2874 1046 2970 flagitium,
1071 2875 1167 2970 opti-

56 3005 141 3051 mos
180 2976 393 3076 scriptores,
447 2976 472 3049 fi
509 2977 574 3075 qui
616 3002 674 3049 eae
715 3001 825 3050 voces
865 2979 1166 3074 permutaverint‚

58 3106 148 3177 quas
195 3079 339 3179 linguae
380 3079 524 3152 indoles
566 3076 638 3152 five
683 3077 923 3176 ipsorummet
964 3081 1050 3151 alibi
1081 3078 1164 3153 usna

56 3180 322 3277 discreverant,
344 3182 612 3280 reprehendere
632 3180 883 3271 Ammoninm.
907 3181 1164 3280 Praeterquam

57 3282 164 3382 quod
193 3283 286 3361 adeo
314 3284 435 3359 sobrie
458 3313 500 3357 ac
531 3309 613 3355 raro
637 3283 710 3379 hoc
734 3285 839 3374 facit,
869 3304 911 3355 ut
936 3282 996 3356 sex
1022 3306 1164 3358 tantum

55 3385 241 3484 septemve
274 3387 431 3486 simplici
463 3387 542 3461 vice
574 3385 787 3457 nominatim
815 3386 987 3481 corrigat,
1020 3408 1164 3484 praeter

58 3489 342 3583 Callimachum,
367 3517 477 3589 quem
502 3516 617 3561 unum
642 3487 869 3584 frequentius
890 3507 1010 3580 notat3
1042 3514 1163 3584 neque
1198 3580 1201 3585 p

57 3589 154 3663 adeo
176 3594 318 3665 vacavit
341 3593 430 3666 vitio
453 3593 641 3679 omnibus,
668 3590 732 3686 qui
755 3615 796 3661 ex
818 3589 880 3660 ista
901 3587 984 3659 sunt
1004 3589 1161 3683 officina,
1199 3600 1208 3619 ¹

55 3695 266 3781 communi,
305 3696 369 3792 qui
410 3694 591 3791 poeticam
625 3689 835 3763 suavitatem
875 3689 1018 3760 homini
1046 3720 1162 3789 gram.

55 3795 194 3868 anatico
228 3796 394 3869 invidisse
432 3794 612 3867 videntur.
674 3792 818 3865 Horum
849 3793 1070 3888 proterviam
1104 3819 1162 3866 ve·

54 3897 170 3988 nostis
202 3897 534 3995 epigrammatibus»,
568 3921 658 3994 qnae
689 3894 898 3995 Woweritts
938 3896 1008 3966 iam
1044 3897 1160 3992 tetigit

55 3999 115 4072 De
143 3999 344 4097 Polymathr
370 4031 402 4074 c.
426 4025 517 4073 xvir.
546 3997 576 4095 ᾗ.
604 4003 647 4089 5,
671 3999 913 4094 perstringunt
931 3998 1161 4097 ¹Antiphanes

56 4123 95 4205 et
120 4100 337 4201 Philippus,
364 4102 564 4199 Antholog.
591 4100 640 4174 II.
666 4127 698 4173 e.
727 4127 763 4173 x.
