2700 4764
113 292 119 311 x
158 234 183 251 ”
247 258 697 346 auuouruumn.
721 259 749 326 1.
775 259 873 327 cn».
893 220 987 328 vu.
1118 258 1165 327 25

60 451 222 544 depressi,
246 477 313 544 quo
326 455 484 545 inquilini
495 446 640 514 Athenis
652 447 876 529 habebantur,
900 453 1054 516 omnium
1075 448 1166 513 ludi-

59 558 140 623 brio
163 555 313 644 expositi·
364 555 458 622 Haec
479 556 662 625 Ammonio
683 553 817 618 admota
837 565 972 618 tenuem
995 553 1164 616 radiosum

62 661 239 749 spargunt3
270 655 290 730 ot
317 653 490 747 γενόμενος
516 651 576 726 δια
603 661 683 749 χρέα
712 651 935 747 προσήλοτος·
966 662 1024 749 qui
1045 661 1163 725 obora
1185 676 1225 736 32

59 769 210 834 alienum
225 768 365 827 civitatis
377 768 451 825 iure
464 766 623 848 privatus,
645 765 827 851 inquilinae
836 765 957 857 fitetur
970 767 1020 856 ss.
1069 762 1165 826 Haec

62 867 202 931 demum
234 871 324 932 vocis'
354 860 560 956 αροσὴλντος
593 868 643 927 vis
675 864 766 950 apud
797 871 1014 943 recentiores,
1044 864 1165 952 quibus

61 964 282 1062 προσήλυτοι,
301 964 473 1058 inhiator,
503 961 675 1050 σννήλντοι
696 965 905 1046 dicebantur,
936 991 1020 1055 quos
1038 979 1165 1034 veteres

61 1069 224 1156 ἐπήλυδας
248 1084 282 1137 et
306 1069 503 1160 σννήλυὸας,
536 1074 732 1141 adverteret
746 1098 927 1158 convenas,
950 1083 1166 1153 vocaveraut3

63 1176 155 1264 quod
173 1182 225 1240 uti
243 1173 315 1240 fuse
334 1175 465 1241 firmari
484 1197 554 1241 non
572 1174 696 1262 potest,
721 1173 824 1237 verbo
852 1173 1093 1240 observandum
1112 1185 1165 1240 ta-

60 1300 158 1358 men,
180 1279 334 1344 ultimam
348 1279 495 1344 formam
509 1278 701 1366 frequenter
716 1276 860 1341 inlibris
882 1288 1077 1365 corruptam
1100 1282 1166 1341 cir-

62 1380 232 1448 cumferri.
281 1379 389 1469 Apud
411 1380 617 1478 Hesycliinm
644 1376 803 1470 σννκλυδα
823 1391 861 1467 et
891 1374 1075 1470 συγκλύδων
1097 1385 1166 1444 uti·

62 1505 128 1573 que
142 1485 341 1550 mutandum
355 1491 392 1551 in
406 1483 566 1571 οννήλνδα
580 1497 614 1552 et
633 1480 821 1568 συνηλὺδων.
871 1481 928 1548 Ad
947 1483 1034 1548 hanc
1055 1484 1166 1570 legem

61 1591 216 1656 Luciani
227 1588 301 1652 loca
314 1588 356 1653 T·
374 1589 399 1651 Ι.
412 1612 447 1675 Ρ.
467 1587 549 1653 465.
561 1610 596 1674 p.
616 1589 698 1676 785.
719 1600 753 1652 et
774 1592 887 1653 omnia
903 1585 1082 1653 reformari
1107 1587 1166 1652 de·

60 1688 164 1769 bont,
190 1711 274 1775 quae
293 1695 344 1757 H.
366 1695 552 1783 Stephanus
571 1695 607 1752 in
630 1689 794 1757 Thesauri
813 1689 855 1753 Τ.
868 1687 911 1751 ΙΙ.
926 1712 960 1776 p.
979 1691 1037 1756 5ο.
1051 1690 1169 1754 intulit

59 1791 107 1858 ad
122 1813 152 1855 v.
168 1788 267 1855 nihili
281 1787 425 1880 Σύγκλνς
432 1791 711 1857 confirmandam:
732 1797 806 1878 pari
819 1811 934 1885 errore
948 1797 984 1854 in
997 1790 1169 1886 Moschop,

61 1901 142 1984 περὶ
174 1892 295 1982 σχεδῶν
323 1919 356 1982 p.
395 1895 454 1960 44.
485 1899 610 1982 vinive,
644 1889 664 1965 ὁ
690 1899 806 1964 νεωστὶ
834 1889 953 1964 ἐλθών.
982 1893 1025 1957 L.
1052 1901 1168 1978 νὲαλνς.

61 1995 173 2062 Ροιιο
187 1991 342 2080 ἐπήλυδες
355 1997 432 2064 sunt
450 2003 596 2087 μέτοικοι
611 1996 762 2085 oppofite
775 1996 816 2061 ad
830 2001 1019 2092 indigenae.
1054 2025 1056 2029 ·
1071 1999 1167 2064 Loco
1255 1990 1263 1997 ⁵

61 2098 280 2186 insuperiori
295 2100 468 2167 Observat.
486 2100 660 2165 emendato
671 2100 734 2164 alia
748 2099 824 2164 addi
835 2101 981 2188 possent:
1003 2107 1071 2167 iam
1086 2125 1166 2168 vero

62 2199 101 2268 hi
120 2203 200 2270 alias
220 2198 383 2289 inni-aroc
409 2210 470 2274 H
458 2201 617 2295 syeniae
643 2197 893 2293 Ενιήλυτος,”
873 2231 1023 2295 anatrog,
1048 2231 1169 2328 npooip
1268 2291 1272 2295 Ι

62 2310 168 2386 ivios.
193 2306 349 2373 Lexicon
370 2308 444 2374 MS
463 2310 674 2404 Voffiunnm:
693 2301 903 2398 Ενιίκλητος,
928 2312 1090 2394 ἔξωθιν’
1069 2332 1168 2403 appo-

63 2435 169 2497 μενος.
227 2409 337 2494 Lege
364 2403 563 2496 Erinnae,
588 2431 633 2475 ex
656 2413 728 2480 lobi
741 2409 830 2502 ΙΧΧ.
859 2434 890 2476 v
920 2414 975 2481 26.
1016 2412 1169 2479 Ulterius
1273 2486 1276 2491 ,

63 2509 156 2577 himo
168 2509 268 2585 usum
284 2518 371 2579 vocis
386 2508 605 2606 νιροσὴλυτος,
623 2513 665 2577 ab
683 2515 806 2586 Anam.
825 2513 1019 2602 usurpatae,
1039 2515 1168 2582 disertis

63 2613 214 2729 adseram
234 2615 343 2680 verbis
365 2622 466 2691 Sciol.
487 2618 595 2734 Apoll.
616 2620 727 2689 Rhod.
748 2617 774 2683 Ι.
794 2639 825 2683 v
836 2615 937 2683 8,5.4
968 2617 1169 2688 πλανᾶσθαι

64 2725 143 2812 περὶ
170 2743 229 2804 την
253 2704 362 2790 πόλιν
389 2713 597 2808 αιημιλήιως
623 2713 783 2809 καθαπερ
804 2712 1036 2836 noompiairovg.
1084 2720 1172 2788 lbid.¹

64 2825 103 2892 ἰν
128 2814 276 2902 ἁπάσαις
305 2828 377 2904 ταῖς
402 2827 589 2901 πολιτικαῖς
614 2821 797 2904 κοινωνίαις
818 2817 978 2915 καθαπερ
1003 2824 1170 2933 nerninem
1223 2838 1251 2853 ”

63 2926 251 3018 διατρίβειν
291 2953 348 2996 και
381 2920 614 3021 νιροσηλύτονς.
663 2920 764 2988 Nihil
796 2923 838 2988 ad
875 2939 1024 2992 mentem
1058 2928 1169 2997 meam

64 3033 173 3116 magis
190 3040 433 3116 opportunum.
484 3029 652 3095 Maiorem
666 3025 784 3093 addam
804 3025 885 3094 huic
909 3036 1060 3120 opinioni
1082 3039 1170 3099 veri-
1198 3066 1200 3071 s

66 3129 335 3211 similitudinem,
361 3133 537 3222 postquam
562 3130 697 3209 dixero,
733 3131 824 3221 quod
849 3131 962 3220 postea
991 3134 1169 3217 ostendam,

65 3238 265 3330 inquilinos,
288 3232 385 3321 fiqui
400 3225 698 3322 ob³praestnntiora
709 3229 829 3298 merita
844 3241 1038 3318 eminerent,
1063 3237 1194 3305 iactos*
1295 3236 1300 3245 ’

66 3337 239 3426 ittotai-iic,
272 3359 311 3405 ac
330 3337 433 3404 veluti
452 3340 500 3422 ἒξε
489 3342 683 3430 λινθέρονς.
720 3334 834 3414 Quid?
859 3339 894 3403 id
915 3339 1059 3427 ipsum
1048 3364 1086 3405 ιιι
1107 3339 1199 3404 hao-

66 3463 148 3508 voce
177 3439 344 3506 reddenda
366 3439 574 3528 usurpatum.
623 3444 683 3510 H
672 3434 830 3532 sychun
858 3435 1084 3530 Ἰσοτελής,ο
1077 3437 1171 3526 ‘iia

67 3530 249 3636 λιύθιρος,
272 3549 329 3613 καὶ
350 3541 569 3634 μετέχονται
588 3537 712 3631 νόμον,
738 3543 904 3630 μετοίκιον
928 3547 962 3611 δὲ
994 3538 1032 3613 οὗ
1039 3551 1170 3641 φέρων.

68 3648 246 3714 Crudam
243 3651 492 3733 cogitationem
525 3645 648 3710 eruditi
681 3645 783 3711 velim
810 3649 957 3713 examini
985 3645 1168 3734 subiiciunt,
1191 3663 1232 3727 33

66 3742 173 3816 modo
192 3748 335 3817 meliora
354 3746 545 3838 proferant,
572 3760 605 3811 et
624 3746 711 3811 mihi
736 3769 871 3834 parcere
890 3751 1086 3834 dignentur,
1113 3763 1172 3844 qui

67 3849 249 3918 levissimae
277 3857 484 3916 coniecturae
505 3872 628 3934 parum
649 3849 774 3914 tribuo.
829 3852 957 3931 Quae
947 3852 1173 3946 insequenti

60 3955 133 4055 ‘bus
153 3952 320 4042 capitibus
339 3952 524 4034 adnotabo,
544 3951 585 4016 ad
602 3949 780 4018 modulum
799 3955 949 4027 nostrum
969 3965 1075 4047 magia
1092 3983 1172 4032 con

67 4063 219 4125 veniunt
