2700 4764
194 239 268 310 216
296 239 335 306 Ο.
346 232 535 309 ouGAAn
548 235 687 306 EPIST.
700 254 748 304 nu
760 235 807 309 V.
817 238 855 307 C.
872 228 916 309 L.
932 237 971 304 C.
987 232 1301 306 VA-LCIOENAR.

196 431 292 511 Quae
304 452 340 517 p.
363 428 415 493 14.
433 428 473 493 de
487 428 613 492 diverso
624 435 660 493 in
673 426 828 494 Homero
841 430 983 494 lectione
999 426 1126 516 scripfi,
1150 449 1215 515 pro
1229 448 1303 493 non

195 532 326 621 scriptio
344 542 382 595 ut
400 528 541 610 babens,
569 553 669 617 rogo:
710 530 873 615 adgnosco
895 536 986 595 enim
1006 554 1026 594 a
1047 530 1098 595 Cl.
1114 527 1202 594 Viro
1224 524 1304 596 mo'·

195 641 307 714 nitus,
330 640 561 729 αμφιεχεσθαι
578 634 732 701 Homero
749 654 820 698 nou
834 633 1004 720 usurpari,
1028 644 1061 697 et
1077 633 1167 720 quod
1181 632 1302 712 editur,

195 741 262 815 rei,
288 737 328 802 de
342 760 407 826 qun
419 743 547 822 agitur,
573 743 669 802 unire
685 747 803 825 aptum
820 733 893 801 effe.
945 735 981 802 P.
1005 735 1058 814 15,
1079 734 1132 800 16.
1149 734 1301 821 exflTrni.

194 836 336 914 exhibui
351 837 527 905 discrimen
541 846 629 904 inter
645 846 774 932 θρασος
792 851 826 903 et
849 843 995 928 θαρσος,
1024 849 1058 902 et
1078 858 1142 925 pro
1164 865 1205 933 τῃ
1224 842 1304 907 αλο-

194 967 310 1034 yoorep⁸
327 933 436 1007 addidi
451 943 629 1027 legendum
644 944 732 1010 forte
744 970 830 1031 pern
846 970 901 1028 της
914 948 1123 1030 αλογιστιαςε
1144 961 1215 1005 non
1228 961 1304 1006 me-

195 1051 360 1113 mineram
380 1056 470 1125 tum,
490 1045 542 1112 Cl.
557 1043 718 1111 Abresob.
736 1043 780 1110 'nd
795 1046 948 1133 Euripid.
969 1045 1099 1122 locum,
1129 1064 1232 1131 quem
1245 1040 1302 1107 hio
1338 1074 1342 1081 ¹

195 1148 330 1234 respicit
352 1147 487 1234 Etym,
521 1150 578 1214 illn'
596 1155 664 1214 iem
687 1148 809 1213 notnffe
830 1149 946 1219 Antm,
970 1151 1019 1218 ad
1036 1143 1153 1237 Adon
1174 1145 1219 1210 L.
1241 1143 1300 1208 III.

150 1262 154 1273 '
194 1271 272 1340 pag.
294 1252 372 1340 175.
385 1263 418 1316 et
431 1263 520 1316 recte
533 1249 653 1316 dediffe
668 1248 687 1332 ἡ
704 1258 887 1340 nimione.
937 1248 976 1315 P.
996 1249 1050 1330 26,
1066 1273 1123 1340 27.
1136 1246 1300 1336 proposui

196 1359 424 1421 ooniecturnm
448 1356 487 1417 ad
517 1354 616 1418 verbe
646 1377 675 1418 v.
701 1359 819 1427 inore:
872 1378 966 1424 πασα
994 1380 1057 1446 χαρ
1084 1347 1185 1436 ἡτου
1208 1375 1301 1420 κενου

195 1481 294 1550 prore
312 1458 534 1541 βασταζεταιτ
574 1455 630 1521 sed
650 1458 740 1537 vide,
761 1480 764 1485 ·
788 1471 950 1548 quantum
977 1458 1028 1520 iiii
1058 1453 1199 1543 praestet
1218 1451 1301 1516 haec

195 1555 409 1637 Ruhnkenii,
436 1559 611 1627 felioiffimi
634 1559 743 1626 nostra
764 1573 868 1625 aetate
892 1561 1019 1626 Critici.
1070 1555 1170 1621 Nihil
1193 1566 1302 1620 mutat

128 1747 131 1760 Ι
196 1657 264 1729 Vir
288 1661 506 1742 acutissimus,
549 1675 681 1730 tantum
702 1686 766 1752 pro
787 1664 888 1741 verbo
911 1665 1115 1752 βασταζεται
1136 1656 1302 1724 substituit

194 1767 416 1860 φανταζεται,
437 1767 504 1830 leni
519 1778 607 1830 certe
629 1767 770 1846 medela,
803 1766 961 1856 sensuque
976 1771 1119 1857 optimo.
1168 1758 1300 1826 Vocem

194 1888 230 1959 p.
265 1891 319 1953 27,
350 1869 405 1939 28.
441 1869 640 1934 Democrito
668 1869 851 1934 restitutam
884 1869 1006 1958 probat
1027 1866 1148 1935 Valck·
1179 1863 1220 1928 P.
1247 1884 1299 1952 ¹9·

195 1966 356 2036 Axioebo
371 1972 497 2035 reddidi
515 1966 759 2060 εξατμὶζονταιε
778 1977 983 2038 conieceram
999 1991 1132 2060 quoque
1147 1959 1302 2058 κᾷξυᾳιαο

196 2075 331 2162 ζονται,·
359 2074 444 2138 illud
464 2085 575 2140 tumen
596 2076 844 2163 praeplaeebnt:
874 2085 905 2139 et
917 2095 1031 2140 veram
1044 2072 1107 2158 effe
1121 2072 1301 2136 lectionem

57 2168 59 2173 ’
197 2179 265 2241 inm
288 2197 356 2238 nou
378 2175 513 2253 dubito,
546 2200 624 2242 cum
642 2190 676 2242 et
696 2177 846 2244 summus
865 2171 1132 2242 Hemsterhufina
1154 2176 1301 2258 (nartem

191 2282 349 2366 quoque)
363 2284 406 2340 ita
423 2278 668 2371 emendandum
680 2278 861 2358 censuerit,
882 2290 922 2343 ut
934 2301 978 2343 ex
993 2276 1114 2345 Valck.
1129 2288 1164 2344 et
1179 2272 1301 2342 Ruhn-

194 2378 298 2444 keuio
310 2380 472 2444 intellexi.
530 2380 665 2446 Aeliani
678 2380 959 2461 emendationem,
982 2404 1083 2470 quam
1097 2376 1203 2451 hebes
1224 2400 1299 2467 pag.

86 2526 95 2551 ι
204 2506 258 2561 11,
280 2505 332 2549 12.
352 2488 504 2548 maximo
519 2482 607 2549 Viro
627 2507 682 2552 me
703 2483 815 2573 ipsum
835 2482 987 2573 probnffe
1006 2484 1111 2549 laetus
1130 2480 1300 2549 recordor.

194 2585 288 2651 Cum
302 2591 392 2650 enim
405 2591 554 2674 optimus
567 2600 771 2676 praeceptor,
792 2592 846 2651 oni
860 2591 974 2653 omnin
986 2591 1024 2651 in
1035 2584 1102 2650 hoc
1115 2583 1300 2650 studiorum

197 2709 318 2773 genere
332 2711 387 2753 me
402 2689 539 2769 debere,
556 2689 800 2757 lubentiffimus
814 2687 992 2778 profiteor,
1010 2688 1110 2753 illum
1122 2685 1210 2752 mihi
1224 2685 1300 2752 dili·

198 2796 329 2876 gentius
342 2792 521 2876 legendum
535 2792 801 2873 commendedet,
825 2791 938 2858 sedulo
955 2792 991 2857 id
1003 2789 1175 2869 faciebam,
1196 2795 1299 2855 inter-

196 2913 263 2978 que
282 2893 500 2959 evolveudum
520 2917 597 2960 meo
619 2898 764 2985 quodam
785 2895 886 2960 modo
916 2899 1017 2960 etiam
1034 2891 1091 2956 hio
1111 2892 1183 2957 illic
1204 2888 1300 2957 crifin

197 2994 410 3077 exercebam,
431 2995 595 3060 infelicius
611 2997 726 3086 saepe3
745 3018 987 3085 nonnunquam
1001 3007 1114 3061 tamen
1128 3018 1301 3087 ευποχωςε

198 3105 300 3182 atque
319 3101 365 3160 ita
386 3101 422 3160 in
442 3098 502 3163 iilo
520 3099 612 3164 loco:
641 3099 731 3188 quod
752 3121 830 3164 oum
848 3120 867 3162 e
887 3098 1019 3164 summo
1033 3096 1122 3163 Viro
1137 3098 1299 3177 audirem,

196 3196 350 3282 inpense,
375 3197 458 3262 bene
473 3205 630 3280 memini,
650 3199 845 3287 gaudebam.
892 3198 934 3265 In
952 3206 1089 3288 privatis
1109 3200 1230 3266 deinde
1244 3200 1300 3266 In·

198 3297 422 3365 stitutionibue
443 3306 479 3364 in
500 3300 635 3367 Aeliani
656 3303 739 3369 duos
761 3308 891 3392 priores
911 3301 1087 3389 libros'ita
1101 3315 1135 3367 et
1148 3324 1213 3367 nos
1229 3301 1300 3392 ipse

197 3401 376 3489 legendum
391 3401 503 3470 docuit
517 3401 536 3474 ὁ
551 3433 647 3476 narn.
699 3407 739 3471 Iu
756 3411 814 3485 iio,
834 3428 919 3494 quae
939 3429 974 3495 p.
994 3407 1051 3484 32,
1068 3405 1126 3471 33.
1140 3406 1299 3484 reeensui,

61 3542 65 3549 -
197 3502 294 3570 omisi
317 3528 346 3571 v.
380 3512 553 3596 Ermum
606 3511 650 3575 Et
674 3508 772 3596 plura
785 3519 899 3587 erunt,
922 3530 1005 3602 quae
1025 3505 1082 3573 bie
1100 3523 1156 3575 me
1171 3507 1300 3597 effuge-

196 3613 285 3681 rint.¹
327 3607 441 3706 Atque
454 3609 537 3682 baec
551 3614 686 3704 quidem
699 3609 888 3681 hactenusr
