2700 4764
88 206 91 211 Ι
195 264 266 332 208
433 233 1039 354 osneniursrrs'roun

192 453 294 520 nostri
307 449 368 517 else
385 453 507 519 dotem.
559 453 671 518 Habet
692 453 802 519 multo
815 452 930 541 plures
944 451 1125 519 verborum
1141 454 1300 523 differem

118 554 121 559 ’
192 565 265 621 tias.
317 556 441 643 Reperi
463 563 498 620 in
520 580 559 622 eo
582 562 669 622 varia
692 558 779 635 loca,
815 556 968 644 equibus
982 578 1052 620 non
1064 576 1151 621 unus
1166 553 1301 625 Auctor

193 660 340 724 Graecus
361 660 413 724 vel
439 661 606 725 emendari
627 658 678 723 vel
699 657 856 725 illustrari
878 671 985 749 queat.
1037 658 1198 747 Inprimis
1220 680 1300 728 vero

193 764 265 826 aliis
287 762 520 826 Grammaticis
541 761 647 827 facem
669 760 838 850 praeferre
853 761 974 851 potest,
1013 774 1046 826 et
1060 768 1213 827 maxime
1225 771 1302 852 qui-

194 866 271 931 dem
288 869 427 959 Etymol.
443 869 584 959 blaigno.
636 864 731 930 Nosli
749 877 854 944 ceste,
887 865 933 953 pl.
952 864 1093 944 Venen,
1127 886 1230 957 quem
1246 868 1303 933 su-

192 992 255 1056 pra
268 969 459 1047 laudabam,
490 974 529 1039 L.
548 972 757 1062 Kaloukomp
777 967 1012 1056 speciminibus
1029 967 1230 1056 quibusdum
1244 968 1304 1039 de·

192 1070 398 1149 monstrasse,
437 1077 591 1142 Codicem
619 1075 835 1161 Gudianum,
881 1093 981 1161 quem
1000 1092 1076 1134 cum
1105 1074 1302 1144 Traiectino

194 1173 319 1239 Nostro
336 1172 454 1260 passim
469 1181 643 1243 convenire
659 1173 734 1239 satis
751 1187 879 1240 certum
894 1172 953 1252 est,
993 1170 1127 1259 insignis
1142 1172 1208 1242 esse
1222 1174 1301 1242 usus

133 1276 174 1337 32
196 1283 233 1341 in
248 1276 454 1343 emendando
471 1290 502 1341 et
517 1276 716 1342 restituendo
736 1277 887 1363 Etymol.
902 1276 953 1341 M.
968 1274 1176 1361 collegeram
1193 1289 1227 1345 ct
1238 1300 1301 1367 ego

194 1380 355 1467 quaedam
370 1401 413 1442 ex
428 1380 550 1444 Nostro
569 1379 746 1466 specimina
759 1379 941 1444 meliorum
958 1379 1143 1447 lectionum
1158 1392 1193 1444 et
1208 1382 1303 1473 eddi·

193 1493 437 1559 tamentorum,
463 1505 547 1570 quae
569 1480 625 1546 hic
640 1480 832 1547 subnectere
846 1487 997 1569 primum
1017 1479 1145 1546 serebat
1158 1488 1301 1549 animus.

193 1583 345 1663 Verum,
374 1605 416 1647 ne
431 1585 539 1670 longis
554 1586 658 1649 literis
671 1585 721 1671 Te
738 1583 938 1664 obtundam,
959 1581 1042 1648 haec
1056 1588 1093 1647 iu
1107 1584 1201 1649 aliud
1216 1597 1302 1653 tem-

192 1709 257 1775 pus
280 1685 413 1773 sepono.
490 1688 607 1752 Patere
632 1699 744 1752 autem
769 1685 904 1775 quaeso,
952 1684 1018 1750 Vir
1038 1684 1303 1768 honoratiffime,

191 1811 248 1855 me
261 1795 327 1853 iam
341 1791 499 1855 nonnulla
514 1791 650 1867 addere,
673 1811 756 1878 quae
768 1788 952 1876 Theologis
969 1793 1071 1854 etiam
1084 1794 1218 1876 ingrata
1234 1814 1303 1858 uon

193 1891 269 1957 sore
282 1891 443 1974 arbitror,
464 1905 563 1982 utque
581 1893 652 1957 usui
665 1891 779 1957 sutura
795 1892 902 1981 spero.
951 1884 1064 1955 Probe
1076 1890 1131 1956 Tu
1155 1892 1234 1973 scis,
1265 1898 1302 1960 in

193 2000 311 2089 Etym.
325 1999 377 2064 M.
396 2001 496 2060 etiam
509 2001 598 2061 varia
611 1995 697 2073 dari,
732 2019 815 2085 quae
834 2018 877 2060 ex
900 1999 1120 2093 Dictionario
1140 2000 1301 2097 Ecclesia-

179 2101 270 2193 stico
293 2094 368 2160 sunt
391 2110 556 2187 excerpta.
627 2099 676 2162 Ita
697 2109 729 2162 et
749 2106 786 2163 iu
808 2097 942 2164 Nostro.
1013 2097 1099 2162 Sunt
1125 2104 1162 2162 in
1183 2100 1300 2187 Etym.

115 2196 118 2201 ’
193 2201 293 2289 plura
308 2197 407 2262 huius
422 2207 567 2286 generis,
593 2222 676 2290 quae
688 2200 831 2267 Traiect.
846 2198 1038 2267 nonhabet.
1090 2200 1196 2283 Sunt,
1220 2226 1302 2293 quae

107 2366 116 2389 .-
194 2299 587 2388 Nosterquoquelrabet.
638 2303 722 2366 Sunt
737 2298 892 2391 et,'quae
908 2304 996 2370 solus
1011 2301 1121 2369 babet.
1173 2304 1302 2372 Videa-

111 2476 115 2481 ,
193 2427 279 2468 mus.
349 2404 443 2482 Quae
471 2398 622 2491 Etymol.
655 2404 838 2492 inpressum
863 2405 982 2487 habet,
1023 2418 1055 2470 et
1077 2428 1161 2496 quae
1182 2407 1303 2475 frastra

193 2507 283 2594 apud
303 2504 466 2572 Nostrum
490 2530 643 2595 quaeras,
676 2506 748 2572 sunt
774 2508 844 2573 sere
866 2509 1043 2599 sequeutia.
1102 2515 1207 2599 Αβαλ
1226 2532 1301 2599 pag.

111 2607 114 2619 ‘
199 2635 228 2690 1,
246 2612 304 2673 521.
358 2610 804 2700 Aviveoiaowpaotis.
853 2612 998 2690 Locum,
1019 2612 1301 2703 quemibirespi·

194 2720 257 2792 cit,
282 2712 326 2777 eil
348 2711 400 2803 H
422 2713 529 2779 CXL.
554 2716 585 2780 t.
610 2713 668 2779 ubi
691 2716 875 2784 Alexandr.
890 2722 992 2780 etiam
1008 2718 1184 2787 ovvdvoow.
1227 2725 1304 2788 Au·

194 2819 287 2907 θραξ
307 2839 381 2902 pag.
412 2836 488 2905 109,
515 2818 571 2907 39.
592 2819 657 2907 seq.
678 2819 738 2882 ubi
762 2842 839 2883 cum
862 2819 944 2898 illis,
967 2822 1084 2914 διᾳυης
1103 2823 1142 2890 δὲ
1168 2823 1303 2915 arripe}

194 2924 320 3005 λεγεται
348 2915 367 2986 ὁ
396 2925 541 3009 Χριστος
565 2951 649 2991 κατα
676 2948 851 3010 αναγωγην.
884 2920 1034 2987 conseras
1056 2923 1134 2988 licet
1155 2929 1244 2995 Luc.
1259 2924 1301 2989 ΙΙ.

198 3022 256 3086 34.
283 3044 300 3084 α
330 3027 402 3091 Cor.
424 3020 466 3086 ΙΙ.
498 3024 550 3088 ι6.
574 3036 606 3088 et
630 3022 746 3088 fimilia
769 3026 802 3088 S.
823 3026 968 3112 Spiritus
989 3025 1096 3090 eisata
1154 3034 1302 3111 Αυσιτης

193 3145 270 3211 pag.
291 3147 369 3212 171,
387 3126 418 3187 5.
470 3123 631 3213 Respexit
647 3125 795 3206 sortasse,
822 3133 867 3192 ait
885 3126 934 3190 Cl.
951 3132 1160 3221 Srlburgius,
1191 3130 1234 3195 ad
1250 3131 1303 3195 le·

110 3300 115 3311 ,
195 3232 321 3291 remiae
339 3223 465 3311 Proph.
493 3231 529 3296 C.
550 3228 668 3293 XXV.
722 3228 875 3306 Notabo,
899 3229 1302 3316 quaernil1iadh.l.ob-

135 3341 175 3406 33
197 3329 332 3393 servata.
364 3330 429 3397 Iob.
452 3328 477 3393 I.
505 3355 533 3393 1.
554 3330 659 3395 LXX
681 3331 847 3396 Hebraicu
869 3350 930 3430 pis>
953 3349 1053 3427 ptis:
1072 3345 1246 3399 verterunt
1268 3362 1303 3405 ev

191 3462 281 3524 χωμιι
308 3460 345 3525 cp
370 3437 535 3500 Auoeud't.
591 3432 701 3512 Alibi,
739 3433 829 3521 quod
853 3434 1008 3524 equidem
1028 3443 1198 3517 noverim,
1233 3458 1302 3505 vox

195 3560 265 3602 nou
286 3541 441 3600 occurrit.
497 3534 625 3600 Verum
643 3541 795 3628 Vulgma
809 3535 909 3600 habet
931 3547 995 3606 ser.
1008 3536 1128 3602 XXV.
1147 3560 1205 3606 20·
1221 3568 1302 3611 cun-

90 3727 93 3732 .
196 3642 259 3707 ctis·
274 3641 406 3730 regibus
424 3656 533 3709 terrae
549 3644 710 3734 Aulitidr‘s
726 3653 787 3704 eto.
839 3641 970 3704 Scilicet
992 3656 1054 3736 W
1074 3640 1228 3707 dicebant
1244 3664 1303 3707 an·

128 3808 130 3812 ,
196 3749 334 3827 tiquitns
355 3756 543 3825 uegetam,
567 3744 853 3830 atqneindeislud
865 3769 1009 3830 αυσιτις,
1042 3755 1079 3807 ut
1099 3743 1184 3809 bene
1206 3757 1304 3810 nota-

194 3849 242 3904 vit
265 3847 313 3905 1233.
343 3844 478 3937 Diafiiss
500 3848 540 3910 ad
562 3846 688 3909 dictum
712 3844 785 3908 Iobi
808 3847 828 3910 l.
850 3851 983 3943 Aufitas
996 3844 1143 3914 Arabiae
1155 3847 1305 3913 desertae

195 3946 319 4007 incolas
343 3956 487 4031 reperias
512 3954 600 4012 etin
623 3953 827 4018 Ptolemaeo:
852 3957 899 4015 ita
921 3956 1012 4016 enim
1029 3951 1212 4034 legendum
1229 3940 1303 4030 effe,

193 4065 264 4111 non
285 4053 441 4137 suam,
484 4064 571 4114 res-te
601 4059 734 4116 insonuit
760 4055 908 4117 summus
931 4058 1123 4123 Boctartus
1144 4059 1182 4118 in
1206 4052 1302 4118 Phul·

196 4153 238 4220 L.
260 4149 300 4210 ll.
328 4156 361 4217 (ἶ
390 4159 420 4213 ὅ.
486 4153 652 4216 Tenemus
676 4154 717 4216 Ilo
738 4162 902 4240 originem
925 4168 957 4219 et
978 4156 1252 4248 significationem
1273 4179 1303 4221 v.

196 4261 351 4337 Arouaia.
424 4251 570 4334 Deinde,
609 4262 824 4345 Βατὶςιριζὸιν
848 4280 881 4347 p.
918 4281 996 4347 191,
1025 4281 1081 4349 27.
1116 4258 1183 4347 seq.
1213 4254 1235 4344 ἦ
1266 4261 1303 4329 de
