2700 4764
161 276 198 317 n
483 210 963 343 nuurcaatos

164 423 305 522 roganti
335 422 520 496 thesaurus
547 392 713 496 librarius
738 446 825 493 mox
847 441 942 493 totus
969 416 1091 518 patuit.
1138 418 1262 516 Itaque

167 585 233 657 ego
256 557 458 663 fitin1,qna
483 562 673 657 flagrabam
695 554 918 649 incredibili,
949 556 1063 628 levare
1089 553 1266 646 laboravi,

169 692 389 767 occasionem
429 693 569 767 liberali
609 720 718 765 manu
749 692 905 767 oblatam
935 691 1048 763 laetus
1086 688 1268 788 occupavi,

171 848 207 900 et
231 828 329 900 brevi
353 822 549 928 elipsuram
576 827 737 928 oppressi.
798 827 903 901 Nihil
929 825 1058 916 habui,
1087 822 1187 922 quod
1211 848 1269 895 me
1335 862 1337 867 ·

172 991 192 1036 a
229 961 327 1035 dulci
376 963 553 1037 librorum
593 961 800 1037 Vestrorum
844 960 1080 1036 contubernio
1125 984 1270 1034 avocare

97 1094 100 1101 ⁵
176 1097 266 1171 adeo
292 1098 458 1195 potuerit.

280 1287 310 1359 E
339 1287 462 1359 multis
494 1309 534 1359 ut
560 1315 673 1359 unum
705 1287 907 1381 nominem,
944 1314 1016 1386 quo
1053 1286 1147 1362 nihil
1185 1286 1274 1359 olim

112 1504 117 1511 ,
179 1441 252 1495 eret
296 1418 466 1513 divinius,
503 1422 653 1495 Homeri
695 1421 866 1519 scriptum
901 1421 1092 1514 Codicem,
1135 1420 1277 1520 egregio

180 1557 384 1644 excellentis
412 1557 585 1648 hominis,
611 1549 820 1656 Porphyrii,
846 1555 1104 1631 commentario
1126 1554 1277 1629 illustra·

176 1712 273 1785 tum,
299 1689 421 1772 sedula
452 1718 559 1769 manu
588 1689 766 1767 versaviffe
796 1691 902 1765 iuvat.
956 1689 1014 1769 Ad
1044 1690 1154 1764 buius
1173 1690 1278 1763 boni-
1324 1702 1335 1727 ·

177 1850 286 1927 tatem
321 1826 460 1925 quoties
491 1854 548 1898 me
580 1848 767 1918 converto,
796 1827 916 1903 mirari
945 1826 1064 1919 subit,
1096 1852 1141 1897 ne
1164 1851 1279 1897 unum

179 1959 345 2060 extitisse,
376 1960 439 2058 qui
465 1959 791 2061 praestantissimum
815 1962 993 2060 laborem,
1022 1957 1189 2033 araneoso
1212 1957 1279 2032 litu

180 2094 415 2199 squalidum,
432 2093 535 2167 edaci
552 2095 708 2200 tempori
730 2096 868 2199 eripere
895 2093 1076 2173 studuerit.

284 2284 403 2356 Huius
438 2305 472 2356 et
505 2284 659 2357 aliorum
691 2312 861 2384 opernm,
898 2310 988 2384 quae
1014 2282 1170 2357 necdum
1200 2285 1283 2359 suut

182 2421 238 2495 iu,
253 2421 371 2491 lucem
404 2417 539 2511 emissa,
592 2418 878 2519 usurpandorurn
924 2418 1000 2491 Vos
1036 2418 1128 2493 mihi
1168 2419 1290 2508 fuistis,

96 2586 101 2599 =
182 2575 362 2647 auctores,
399 2554 490 2627 Vlur
523 2554 818 2649 Pnamnvsrans,
859 2554 947 2627 tanti
982 2552 1144 2652 adeoque
1176 2555 1284 2626 bene-

104 2706 132 2754 '.
183 2688 277 2781 ficii,
313 2716 386 2787 quo
431 2714 509 2761 mea
538 2688 710 2788 opinione
755 2689 869 2762 maius
892 2689 957 2761 -illi
987 2666 1170 2787 obtingere
1208 2717 1283 2762 nou

183 2822 315 2922 potest,
352 2824 416 2919 qui
443 2821 489 2901 ad
520 2825 874 2923 quantulamcunque
904 2822 1116 2899 eruditionis
1133 2845 1284 2935 ,partem

187 2956 452 3055 acquirendam
476 2955 570 3030 viam
589 2955 753 3030 adfectat.

288 3120 449 3200 Vestram
485 3147 567 3220 erga
607 3147 664 3195 me
700 3122 920 3197 voluntatem
961 3122 1154 3220 sanequam
1200 3155 1286 3227 pro·

186 3246 294 3334 lixam
327 3255 580 3361 saepenumero
621 3284 761 3328 mecum
800 3279 986 3356 reputans,
1036 3286 1110 3357 quo
1145 3283 1286 3358 gratum

187 3393 347 3466 animum
383 3391 603 3484 testificator,
644 3389 737 3465 nihil
768 3391 986 3495 reperiebam
1030 3414 1175 3494 praeter.
1208 3419 1288 3470 eam

187 3527 298 3635 viam,
343 3548 414 3627 qua
459 3525 685 3631 Principibus
723 3524 821 3598 Viris
854 3524 991 3600 nosmet
1034 3528 1288 3604 commendere

188 3661 355 3735 solemus.
413 3658 552 3746 Maiora
584 3659 731 3758 quidem
768 3681 887 3734 mento
923 3661 1071 3761 agitari,
1114 3663 1167 3736 uti
1202 3691 1289 3742 con·

189 3795 364 3871 suevimus
398 3794 473 3867 fere
510 3796 707 3893 primulum
745 3795 928 3871 literarum
974 3797 1086 3883 limen
1130 3797 1290 3896 ingressa,

190 3930 309 4037 postea
339 3930 573 4009 Ammonium
600 3929 771 4005 idoneum
799 3929 957 4032 credidi,
991 3931 1028 4004 in
1059 3958 1133 4032 quo
1164 3952 1289 4006 tenues

191 4064 326 4164 ingenii
360 4064 451 4140 vires
494 4064 724 4171 periclitarer.
777 4064 863 4170 ,Res
886 4065 959 4160 *fic
997 4064 1079 4143 satia
1102 4094 1165 4168 ,ex
1191 4088 1289 4168 'voto

192 4198 334 4275 cecidit.
793 4210 796 4214 '
