2700 4764
170 205 172 209 ’
249 224 695 319 Annonruum.
722 223 781 292 ιιι.
808 225 907 292 otc.
933 224 980 291 x.
1097 228 1165 303 153

50 423 93 489 ad
116 427 292 487 veritatem
311 417 474 487 accedere.
534 421 709 487 Plutarchi
729 415 870 495 locum,’
906 415 947 479 ab
970 416 1042 481 eliis
1065 422 1167 489 etiam

44 508 256 601 indicatum,
289 521 425 587 tandem
438 520 632 602 subtexam3
663 520 708 585 est
736 525 773 584 in
807 517 937 598 Quaest.
962 518 1022 584 Gr.
1049 520 1092 585 T.
1121 519 1164 585 Π.

51 653 88 719 p.
114 628 195 716 295.
217 625 275 689 ubi
296 647 370 690 eam
392 645 521 711 ponens
543 624 781 713 quaestionem:
843 626 931 715 Τίς
922 617 952 691 ui
980 617 1166 716 δοριὶξενος;

53 741 189 821 praeter
209 729 307 793 alia
297 750 334 791 ιιι
348 725 441 791 hunc
455 727 593 791 modum
613 727 742 791 scribit:
776 718 853 806 τούς
879 719 915 795 δ’
939 722 1169 814 ἁλισκομένους

54 831 175 951 λύτρον
197 859 232 903 τι
258 836 453 919 τεταγμένον
479 832 545 899 ὲδει
575 835 790 920 καταβαλεῖν,
823 837 879 899 καὶ
905 856 1002 900 τουτο
1022 825 1168 918 ἐλάμβα-

54 964 114 1011 νον
135 930 279 1032 ἀφέντες
319 930 548 1052 ντροτερονδέ
572 960 629 1003 ουκ
654 933 882 1026 εἰσέπραττον,
917 927 995 1003 αλλ
1019 926 1167 1021 dictitia

54 1035 279 1164 αἰχμάλυιτον,
305 1031 430 1127 αττῆγεν
454 1042 583 1118 οἴκαδε,
608 1045 662 1107 καὶ
678 1032 841 1126 μεταδονς
862 1033 948 1106 αλῶν
970 1044 1026 1106 καὶ
1051 1041 1168 1129 τραπέ-

55 1151 111 1230 ζης
133 1137 325 1230 οἷαέττεμιτεν
348 1146 467 1211 οἴκαδε.
520 1137 619 1229 ὁμέν
645 1136 702 1212 οὖν
725 1135 767 1211 τοὶ
787 1136 896 1233 λύτρα
923 1143 1059 1230 κομίσας
1091 1147 1168 1237 ἐπῃ-

15 1261 17 1265 ’
54 1257 164 1336 reiro,
186 1253 242 1315 καὶ
261 1247 359 1340 φίλος
380 1241 434 1314 αεὶ
459 1250 594 1315 διετέλει
616 1245 674 1316 τοι]
699 1240 916 1334 λαβόντος,’
901 1272 936 1313 εκ
962 1240 1169 1336 δορυαλώτσιι

54 1347 228 1444 Δορύξενος
253 1346 578 1440 προσαγορευόμενος.
615 1347 845 1437 Antiquioris,
866 1370 967 1435 quem
988 1349 1034 1413 ibi
1059 1348 1172 1436 sequi.-

55 1468 114 1520 tur
134 1458 303 1527 Plutarch,
323 1459 469 1518 auctoris
491 1453 591 1518 verba
612 1451 747 1518 fortasse
769 1453 973 1520 Ammonius
991 1451 1089 1516 nobie
1112 1472 1167 1517 re-
1186 1468 1262 1541 σοι,

54 1557 253 1648 praesentat.
304 1553 362 1620 Ad
374 1553 461 1619 hanc
475 1562 575 1620 etiam
588 1578 660 1620 rem
675 1566 869 1643 opportuna
880 1551 1171 1648 notathffchim

55 1667 93 1726 in
107 1663 305 1751 Δορσξένονς.
352 1659 398 1723 Et
422 1657 505 1722 haec
520 1659 654 1746 quidem
669 1656 836 1725 hactenus.
889 1656 1170 1746 Quandoquidem

56 1776 171 1830 autem
193 1768 230 1826 in
252 1762 481 1827 Grammatico
501 1761 694 1825 illustrando
716 1760 900 1837 versamur,
922 1765 1016 1846 prius
1031 1761 1113 1824 nolo
1127 1760 1169 1825 ab

57 1854 224 1933 hocloco
246 1864 426 1943 discedere,
460 1887 562 1955 quam
582 1862 724 1951 paucula
748 1861 789 1926 de
811 1861 873 1926 usn
893 1868 983 1927 vocis
1006 1857 1170 1950 Πρόξενος

59 1990 235 2035 monuero.
293 1963 458 2062 Πρόξενος
479 1967 660 2032 secundum
681 1967 796 2034 Amm.
820 1960 945 2046 πόλεως
965 1972 1020 2034 καὶ
1038 1967 1168 2047 ἔθνους.

60 2067 245 2165 Πρόξενσι,
282 2083 338 2152 ut,
381 2093 464 2158 quae
485 2093 504 2134 ο
526 2069 763 2134 Grammaticis
784 2068 979 2148 traduntur,
1019 2070 1171 2137 universa

60 2176 286 2264 complectar,
315 2173 470 2239 homines
486 2173 681 2238 dicebantur
696 2176 838 2260 privati,
879 2172 999 2260 quibus
1013 2178 1049 2237 iu
1062 2179 1172 2260 patria

61 2278 145 2342 urbe
165 2277 361 2362 degentibus
384 2275 611 2341 honorificum
633 2273 774 2362 hospitii
794 2275 846 2339 iu's
870 2298 947 2339 cum
963 2276 1026 2344 alia
1041 2280 1172 2340 civitate

61 2380 244 2468 publicitus
264 2379 503 2444 intercedebatz
535 2376 588 2442 his
613 2379 649 2443 id
668 2385 817 2443 muneris
840 2389 909 2442 erat
925 2385 1105 2466 praecipuo
1118 2383 1172 2443 in

62 2486 234 2561 iunctum,
256 2494 295 2546 ut
309 2482 422 2546 sedulo
437 2481 681 2568 prospicerent,
706 2481 843 2570 nequid
863 2480 999 2567 publica
1013 2480 1103 2546 istius
1124 2487 1172 2553 ci-

63 2590 176 2650 vitatis
197 2607 251 2650 res
273 2609 292 2650 a
314 2584 439 2650 civibus
463 2583 529 2647 suis
554 2596 686 2671 caperet
706 2583 915 2660 detrimenti,
940 2583 1066 2668 legatos
1079 2582 1173 2651 illinc

63 2692 231 2752 venientes
247 2686 395 2776 hospitio
412 2693 620 2774 exciperent,
643 2687 682 2752 ed
697 2686 866 2772 populum
883 2684 1097 2764 deducerent,
1118 2698 1171 2749 ut<

65 2812 129 2878 que
149 2795 192 2854 iis
216 2791 298 2856 bene
321 2791 411 2869 esset,
445 2800 675 2876 procurarent.
696 2792 802 2857 Sobel.
819 2791 983 2878 Demtstt.
997 2787 1037 2851 ed
1052 2787 1173 2875 Lepti-

65 2913 165 2958 neem
187 2917 222 2981 p.
247 2895 329 2984 371.
355 2888 540 2982 Πρόξενος,
581 2887 600 2964 ὁ
634 2885 693 2961 τον
725 2885 794 2961 cino
820 2889 919 2974 ἄλλης
943 2885 1067 2971 πόλεως
1095 2884 1174 2971 οἶνοι-

66 2990 253 3087 διχὸμενος,
292 3005 348 3067 καὶ
378 2991 545 3090 προσόδου
583 2997 762 3090 φροντίζων
790 2993 847 3079 τῆς
872 2990 956 3087 προς
980 2988 1038 3064 τον
1070 2993 1177 3089 δῆμον

10 3172 12 3187 ,
68 3094 178 3169 οὗτοι).
202 3101 294 3190 quod
327 3099 488 3166 Scholion
522 3104 635 3166 minus
667 3098 840 3165 emendate
873 3099 975 3163 edidit
1019 3098 1173 3192 Wofim.

10 3206 12 3243 ³
69 3207 256 3273 Erotionue
278 3209 316 3269 in
328 3204 421 3275 Lex.
444 3210 610 3298 Ηιῗμμοοτ.
638 3204 832 3297 Προξένους]
858 3199 964 3283 Obrue
986 3197 1119 3275 ἐκάλουν
1142 3205 1174 3271 οἱ

70 3311 210 3379 παλαιοὶ
238 3301 313 3387 τους
343 3312 379 3377 έν
403 3307 519 3389 ἄλλαις
555 3303 674 3379 πόλεσι
700 3313 873 3396 μένοντας,
909 3314 965 3377 καὶ
994 3305 1038 3386 εἰς
1068 3306 1175 3390 ξενίαν

70 3412 315 3501 ἐπιδεχομένους
336 3408 460 3499 (malm
482 3407 629 3502 ὑποδεχ.)
650 3418 703 3480 καὶ
725 3413 958 3506 φροντίζοντας
982 3412 1084 3502 φίλοιν
1106 3416 1177 3496 μὲν,

71 3506 124 3582 οὐκ
148 3515 252 3585 ὄντοιν
276 3518 309 3582 δέ
336 3513 487 3584 πολιτῶν.
540 3515 678 3579 Publica
702 3519 897 3578 auctoritate
913 3511 1105 3578 constitutos
1118 3509 1176 3571 de*

71 3616 172 3681 clarat
199 3615 315 3682 diversi
344 3624 472 3704 generis
501 3639 626 3684 nomen
658 3611 948 3707 Ἑθελοπρόξενος,
991 3638 1009 3679 a
1033 3616 1177 3692 Polluce,

72 3723 180 3791 Suida
201 3731 235 3785 et
260 3718 427 3815 Hesychia
446 3719 644 3808 expofitum.
716 3720 810 3800 Quae
831 3720 976 3785 aliorum
999 3715 1177 3782 observatis
1218 3754 1241 3781 -.·

71 3823 191 3902 adieci,
211 3827 356 3897 Suidam
369 3824 494 3889 habeut
505 3834 676 3890 auctorem
691 3829 726 3887 in
741 3817 922 3903 Ἰδιόξενος.
936 3819 997 3885 ubi
1011 3814 1178 3940 Προξενσν

72 3923 201 3991 dictum
223 3926 321 3993 fuisse
337 3928 455 4004 tradit,
488 3952 558 4009 παρ
603 3919 629 4019 ᾧ
652 3933 707 3994 καὶ
733 3932 765 3995 οἱ
787 3929 940 4017 πρέσβεις
970 3917 1178 4013 κατάγονται

72 4034 124 4096 καὶ
144 4052 304 4118 ιτροσοιμει
330 4059 390 4110 τας
415 4024 659 4122 πρεσβείας
622 4056 715 4109 ουτος
739 4055 822 4121 στρος
846 4055 884 4097 το
879 4021 1087 4116 δημόσιον,
1122 4032 1180 4095 καὶ

73 4125 116 4201 cci
140 4133 227 4203 ἅλλα
250 4136 367 4205 διοικεῖ
381 4142 438 4203 καὶ
451 4128 598 4226 ,πράττει
620 4133 708 4220 (sege
728 4127 925 4224 διακραττει
946 4154 990 4196 ex
1010 4126 1084 4197 MS.
1099 4134 1179 4202 Lu·-

10 4220 12 4283 !
73 4239 177 4332 deust)
204 4241 241 4307 ἐν
263 4264 302 4335 cp
327 4241 462 4333 πατρίδι
488 4235 529 4334 τῇ
555 4235 672 4309 ἑαυτοῦ
695 4230 741 4308 τοὶ
763 4234 803 4335 τῇ
827 4231 924 4308 πόλει
944 4235 1049 4329 ἐκείνῃ.
1068 4234 1181 4328 διαφέ-
1258 4270 1263 4289 ι
