2700 4764
194 266 275 317 xxvi
547 248 944 315 PRAEFATIO.

114 508 117 513 ,
195 439 278 510 rnen
312 444 579 520 praeponatur,
614 420 772 493 librariis
800 440 989 515 acceptum
1019 396 1146 492 referri
1176 420 1301 513 debet,

194 527 329 625 quibus
369 525 585 623 Philosophi
623 552 696 597 non
733 525 926 596 incelebris
964 547 1099 595 nomen
1132 523 1196 596 usu
1231 530 1301 600 sre-

198 630 382 727 quentiori
424 633 537 730 magis
579 648 651 701 erat
693 628 903 699 contritum.
973 624 1132 721 Quando
1177 627 1299 727 itaque

196 729 339 806 Ionfius
369 731 538 804 idoneam
576 732 773 822 rationem,
815 758 886 828 qua
916 729 1018 824 prior
1049 729 1112 804 illa
1141 728 1301 828 sul'picio

195 837 390 927 niteretur,
420 863 493 906 uon
526 834 703 932 protulit,
730 835 835 930 (nam
859 835 938 906 leve
970 830 1193 928 eruditillitni
1230 836 1300 908 viri

195 961 446 1035 argumentum
488 937 621 1035 repulit
663 937 891 1032 Fabricius‚)
939 935 975 1005 iu
1019 962 1058 1006 ea
1113 938 1300 1010 refutanda

193 1042 301 1112 nohis
340 1042 525 1123 nouerit
562 1039 813 1111 laborandum.
877 1038 1065 1109 Ammonii
1105 1037 1300 1130 Hermeae,

120 1159 126 1164 ”
193 1144 258 1247 qui
287 1144 324 1215 in
357 1143 597 1244 Porphyrium
633 1163 668 1212 rt
699 1143 928 1213 Aristotelem
949 1138 1165 1238 inperium,
1191 1142 1300 1216 Com.

192 1247 388 1319 mentarios
411 1246 596 1319 excutiens
616 1247 710 1316 nihil
736 1243 892 1336 offendi,
916 1270 990 1343 quo
1017 1245 1074 1316 vel
1096 1248 1299 1339 probabilis

193 1375 234 1421 ea
259 1348 430 1421 sententia
455 1348 559 1421 reddi
584 1349 705 1445 pollet.
760 1349 884 1446 Longe
914 1348 1034 1419 verior
1063 1347 1209 1419 videtur
1242 1352 1297 1422 Io.

115 1499 117 1502 <
192 1444 277 1522 Alb.
310 1452 467 1524 Fabricii
498 1450 690 1539 sententia,
734 1451 803 1521 viri
835 1452 929 1521 inter
970 1451 1105 1547 primos
1138 1450 1298 1548 iulignis,

191 1555 296 1625 cuius
324 1559 431 1626 rerba
461 1583 503 1627 ex
537 1555 714 1625 Biblioth.
745 1555 873 1624 Graec.
910 1554 952 1624 L.
984 1554 1049 1623 lV.
1077 1581 1108 1622 c.
1136 1581 1236 1632 xxm,
1263 1586 1297 1652 p.

198 1660 280 1747 173.
320 1657 522 1730 sultiiciam:
559 1663 775 1730 Ammonias
805 1659 1100 1744 Grammaticus,
1135 1663 1233 1730 cat'tts
1262 1676 1300 1731 at

188 1764 356 1834 Ilalladit'
373 1765 499 1832 itidem
519 1767 724 1834 andaorem
733 1761 844 1856 ficiffe
858 1764 1111 1855 str-tefl'atar
1126 1765 1297 1834 Socrates

188 1869 287 1956 Hlst.
318 1870 447 1962 Eccles:
475 1869 642 1960 Scriptar
665 1864 712 1934 V.
745 1871 800 1934 tli.
836 1878 1037 1958 narratque
1063 1867 1298 1938 Alexandria

188 1970 463 2064 ert-slprrfiagtffe
486 1975 525 2038 in
543 1971 656 2062 gravi
670 1971 734 2047 villa
756 1972 928 2056 trcaztdtu,
951 1971 1014 2060 qai
1032 1972 1165 2037 accidit
1185 1973 1233 2042 A.
1256 1975 1293 2042 0.

99 2066 102 2075 ’
189 2073 275 2161 589;
316 2072 360 2140 ob
393 2098 516 2141 evera
562 2073 746 2161 leead'asti
790 2075 885 2163 Imp.
926 2072 1013 2164 iuffia
1055 2073 1294 2144 Eldaicoram

187 2175 338 2266 terupla.
398 2179 512 2246 Extat
541 2176 663 2252 lanius,
696 2187 735 2243 ut
762 2173 940 2273 ficspico'r,
980 2175 1174 2246 Ammaaii
1209 2183 1295 2275 περὶ

188 2273 334 2371 ὁμοίων
362 2281 432 2348 καὶ
459 2273 655 2374 διαφόρων
684 2274 820 2360 lig-m
848 2277 938 2347 liber
963 2296 1031 2347 cte.
1087 2283 1191 2373 Quae
1222 2281 1291 2350 illo

186 2376 225 2448 in
253 2377 372 2474 capite
397 2378 442 2450 dc
466 2378 665 2450 Ammonio
690 2378 936 2450 Grammatico
958 2379 1083 2475 prodit
1111 2383 1291 2475 Socrates,

185 2500 388 2553 memoratu
410 2477 773 2574 forentdignillitna,
804 2480 831 2552 li
857 2508 930 2552 uon
962 2483 1072 2552 multa
1106 2503 1140 2553 et
1173 2485 1293 2579 potio-

185 2610 224 2654 ra
259 2583 366 2656 nobis
404 2582 543 2677 agenda
575 2583 802 2680 supereffent.
858 2585 977 2669 Quare
1005 2606 1142 2655 tantum
1171 2589 1292 2660 notari

184 2677 312 2778 velint,
337 2687 438 2785 quod
463 2683 621 2779 Valefio‚
647 2688 711 2758 ubi
739 2686 878 2760 devita
903 2706 938 2759 et
960 2686 1102 2784 scriptis
1126 2689 1289 2762 Sacratis

186 2786 339 2884 differis,
384 2790 472 2862 fuit'
494 2789 801 2883 animadversum,
829 2791 1036 2864 «Socratem
1086 2789 1288 2877 admodum

182 2888 490 2965 adolescentulum
539 2893 741 2964 senioribus
787 2893 959 2965 Helladio
1004 2913 1040 2964 ct
1086 2893 1288 2966 Ammonio

183 2989 448 3066 Grammaticae
471 2994 698 3066 ulum'luill'e
722 2994 934 3067 doctoribus
956 2995 1287 3096 Constantinopoli,

182 3120 258 3194 quo
299 3095 466 3167 homines
500 3096 667 3193 autiquae
708 3097 895 3188 religionis
944 3117 1102 3191 tenaces,
1144 3100 1287 3198 popelli

179 3197 418 3271 Alexandrini
444 3195 606 3269 ludibrio
629 3198 774 3289 irritati,
797 3197 868 3270 sese
893 3201 1133 3273 contulerant.
1178 3202 1285 3276 Nihil

180 3317 300 3374 autem
331 3299 423 3373 adeo
458 3300 632 3398 impedit,
671 3301 866 3401 quominus
888 3301 975 3374 huic
998 3303 1195 3376 Ammonio
1221 3306 1286 3378 Sc·

177 3404 266 3474 'culo
293 3429 342 3476 tv.
368 3425 403 3476 et
433 3402 667 3476 lub'initium
692 3405 814 3476 Secnli
840 3405 956 3501 quinti
981 3407 1102 3498 claro,
1137 3406 1284 3482 homini

178 3531 199 3576 a
231 3504 441 3580 Christianis
471 3504 575 3578 sacris
603 3507 745 3600 alieno,
769 3503 935 3579 libellum
963 3509 1122 3595 nclitum
1151 3507 1284 3583 adseri·

144 3624 149 3634 ·
178 3607 343 3682 bendum
369 3609 614 3707 crederemus.
673 3610 764 3683 Nam
797 3609 899 3706 quad
934 3611 1055 3683 nostro
1083 3612 1120 3682 itt
1151 3611 1281 3686 libello

178 3709 336 3784 citentur
364 3716 474 3810 verba
509 3739 529 3787 e
558 3712 678 3786 Lucae
708 3713 924 3810 Evangelia,
955 3741 1035 3787 eam
1067 3712 1281 3789 lctrtentiam

177 3838 256 3884 tton
279 3817 487 3910 labefactat,
512 3816 567 3888 uti
593 3817 631 3888 in
659 3816 849 3890 Animadv.
877 3817 905 3887 l.
932 3844 963 3887 c.
989 3842 1049 3888 xx.
1073 3818 1143 3888 fuit
1165 3817 1283 3891 olleo·

177 3911 270 3988 sum,
325 3919 469 3992 Deinde
489 3944 567 3994 eam
589 3921 755 3992 nonnihil
777 3919 923 3991 adiuvat
943 3918 1142 4012 Helladius,
1166 3945 1279 4016 quem

175 4015 340 4092 Lexicon
372 4023 495 4094 multis
535 4023 782 4095 voluminibus
813 4020 1034 4114 candidilla,
1070 4049 1112 4095 ex
1142 4022 1281 4098 Photio

177 4119 308 4194 docuit
339 4123 536 4199 Manllacus
569 4125 608 4197 in
648 4125 896 4198 {lillertatiane
934 4124 1082 4201 Critica.
1147 4125 1280 4202 Videri

177 4239 296 4302 autem
327 4227 441 4328 pollet
470 4228 629 4302 Helladii
659 4229 795 4302 librum
819 4225 997 4300 inufitata.
1014 4228 1134 4328 operis
1160 4231 1279 4306 moles
