2700 4764
235 827 401 884 ttttto
486 828 1014 887 CEL'EOEBRRIMO
1145 819 1218 876 ,ι’

90 993 387 1135 ULUDOV
412 994 591 1088 cast>
643 990 1149 1091 VALCKENARIO

516 1225 771 1282 ,8.Ρ1).

262 1387 995 1460 canocussnaaan
1068 1444 1156 1505 ff„

69 1552 231 1666 Miraris
249 1596 381 1680 forsan,
405 1597 658 1688 inscriptionem
678 1598 809 1680 ridens,
833 1596 1018 1667 Clariffime
1032 1578 1183 1669 Vnctia·
1282 1634 1285 1639 ·

69 1709 161 1782 nari,
183 1697 359 1768 hominem
377 1701 561 1767 Doctrinae
576 1700 742 1791 Principis
758 1701 950 1782 alumnum,
973 1702 1188 1789 graviffimoe

46 1868 49 1875 .
71 1828 137 1929 que
149 1825 292 1869 munere
308 1802 517 1870 ecclesiastico
530 1817 748 1893 occupatum,
771 1804 811 1869 de
826 1803 1063 1870 Grammaticis
1075 1803 1183 1871 Grae-

69 1912 119 1975 cia
132 1904 196 1973 effe
210 1904 409 1986 sollicitum,
408 1919 612 2027 artemque
629 1906 794 1973 Criticum
806 1928 932 1972 curare.
983 1906 1019 1970 N
1021 1929 1065 1971 on
1082 1920 1182 1997 certe,

70 2011 195 2102 quud
182 2031 220 2073 ιιι
244 2031 281 2074 ea
300 1988 599 2091 versenahaerefi,
639 2009 817 2097 Theologo
839 2006 923 2074 hacc
943 2008 1006 2075 eise
1027 2008 1183 2096 indigna3

69 2114 171 2180 iilum
191 2134 262 2177 ιιοιι
285 2112 399 2178 decere
424 2135 442 2178 e
465 2059 656 2199 fastigid,
645 2136 683 2176 ln
696 2135 762 2203 quo
776 2112 956 2178 collocatus
973 2111 1034 2192 cst,
1064 2115 1105 2178 ad
1120 2109 1182 2179 has

55 2214 105 2290 ise
117 2220 277 2281 minutias
295 2215 484 2281 demittere:
509 2223 714 2281 contrarium
730 2215 892 2281 docuisti
882 2236 919 2279 ιιι
933 2210 1184 2301 elegantissima,

70 2340 182 2411 quam
194 2329 270 2383 ante
287 2318 401 2407 plures
415 2341 519 2385 annos
533 2315 692 2399 habuiiti,
730 2317 892 2385 Oratione
906 2321 947 2388 dc
966 2325 1076 2391 Sacra
1089 2322 1186 2391 Noai
1235 2354 1236 2358 ¹

70 2420 232 2509 Foederia
249 2416 389 2510 Critiae,
417 2449 440 2491 ca
452 2425 717 2510 Literutoribna,
743 2450 823 2516 qnos
837 2438 978 2505 vocant,
1007 2450 1075 2492 nan
1090 2432 1184 2494 exer·

68 2514 184 2603 ceiada.
226 2523 370 2613 Verum,
385 2524 474 2613 quod
488 2530 576 2588 inter
587 2531 654 2589 mei
668 2524 795 2591 ordinis
808 2522 973 2602 homines,
988 2548 1046 2613 qur
1037 2522 1184 2593 'harum

69 2649 186 2695 rerum
206 2626 370 2714 satagant,
403 2630 615 2714 reperiantur
634 2626 814 2715 sanequam
835 2624 1031 2712 pauciffimi.
1097 2627 1133 2691 N
1136 2650 1182 2692 on

69 2735 195 2818 exigua
221 2727 348 2794 horum
370 2753 448 2818 pars
475 2730 576 2817 <quae
602 2727 698 2792 fundi
724 2728 826 2793 nostri
858 2727 1041 2815 calamitas)
1070 2728 1224 2818 aliquan

67 2834 302 2919 Lingnarum,
339 2855 419 2921 quas
444 2831 577 2910 dicunt,
615 2823 842 2919 Originalium
862 2836 1054 2916 cognitione
1069 2838 1185 2915 tincta,

68 2949 169 3026 atque
193 2957 232 3000 eo
248 2958 356 3023 usque
370 2940 439 2999 iam
453 2932 641 3022 progreffa,
681 2945 719 2998 ut
732 2918 870 2999 Dexieis
895 2931 961 2997 suis
983 2932 1112 3000 strenue
1131 2941 1184 3003 uti

70 3049 189 3130 queat,
208 3039 303 3103 valde
318 3036 377 3101 fibi
389 3037 486 3103 beata
499 3036 647 3102 videtur:
675 3031 789 3103 audias
802 3059 873 3102 non
886 3059 963 3101 rarc
977 3035 1054 3102 istos
1068 3034 1184 3106 homi·

67 3164 127 3206 nes
142 3162 258 3206 coram
274 3140 373 3229 plebe
388 3139 571 3204 Christiana
585 3140 727 3222 Graeca,
757 3151 790 3205 et
802 3136 976 3218 ¹Hebraica
997 3147 1184 3223 recitantes,

69 3246 244 3331 multaque
263 3244 303 3308 de
327 3248 474 3329 origine,
498 3241 751 3328 fignificatione,
777 3255 810 3308 et
827 3239 975 3332 emphafi
990 3244 1183 3327 verborum,

68 3346 347 3435 locutionumque
360 3343 537 3423 sacrarum,
559 3353 750 3433 garrientes,
771 3369 839 3436 quo
852 3352 899 3411 ita
912 3346 1035 3412 scilicet
1049 3349 1184 3433 evulgo

67 3470 133 3538 pro
146 3446 244 3512 Viris
257 3470 421 3538 perquam
435 3447 541 3513 doctis
554 3446 751 3514 habeantur.
802 3447 936 3514 Verum
949 3447 1069 3513 dantur
1083 3471 1184 3534 prae-

67 3562 121 3616 ter
133 3548 217 3617 haec
233 3557 380 3616 nominis
394 3547 592 3636 Theologiei
607 3551 789 3641 opprobria
806 3549 887 3617 Vin·
903 3556 1045 3638 egregii,
1080 3549 1185 3636 Regi·

68 3674 131 3718 nae
146 3650 360 3719 scientiarum
377 3654 504 3740 decora,
527 3659 681 3721 omnium
697 3661 858 3745 omnique
872 3654 969 3719 laude
986 3653 1100 3737 digni,
1124 3658 1185 3741 qui

68 3750 128 3820 his*
146 3755 261 3822 studiis
281 3763 394 3823 minus
415 3755 525 3820 favere
545 3756 717 3837 videntur,
742 3755 990 3822 Litcratoribus
1014 3752 1129 3820 saltem
1146 3776 1185 3822 ea

69 3865 292 3941 conmittnnt,
318 3871 351 3924 et
373 3857 462 3949 qnod
477 3857 518 3922 ad
538 3857 686 3922 Criticen
702 3860 844 3939 adtinet,
866 3879 957 3938 eam,
984 3848 1092 3922 finon
1105 3880 1186 3945 per·

67 3961 246 4043 niciosam,
268 3962 446 4049 Theologo
462 3959 578 4025 saltem
592 3962 748 4027 inutilem
761 3961 824 4047 elie
838 3961 1059 4042 arbitrantur,
1078 3960 1187 4026 fiden-

68 4073 187 4154 terque
212 4071 446 4154 prununciant.
505 4064 589 4129 Non
610 4064 767 4152 equidem
788 4069 818 4129 is
841 4065 933 4146 sunt,
965 4071 1025 4155 qui
1044 4063 1186 4143 inficier,
1290 4073 1292 4077 ’

104 4264 258 4323 ‘Numen
270 4234 451 4344 margimbua
462 4263 699 4326 adnuntient
709 4248 829 4345 paginas
843 4266 984 4329 editionis
992 4263 1184 4336 Traiectinaa,
