2700 4764
395 238 800 313 annariae.
1034 218 1155 305 “mn

50 409 278 512 opprellille,
313 409 401 481 dnm
425 409 571 507 exiguus
597 409 756 508 collegae
789 408 978 481 Ammonii
1008 411 1156 485 libellus

50 516 98 589 ad
118 515 281 589 *nostram
305 540 421 611 nsque
446 512 660 585 memoriam
684 510 903 585 remanserit.

153 620 269 704 Quae·
288 618 452 712 quamvis
482 617 532 687 ita
562 615 599 687 le
639 615 814 705 habeant,
851 635 970 687 tamen
999 617 1157 693 rationes

49 748 124 796 non
166 721 315 811 celabo,
357 719 420 791 etli
460 719 554 791 forte
589 719 698 789 alicui
733 719 831 791 leves
863 718 982 791 videri
1014 720 1176 817 pollint,u

49 849 147 922 qnae
169 850 229 895 me
254 823 293 895 in
314 848 392 895 eam
416 821 639 893 induxerunt
657 819 892 908 senteutiam,
916 823 1158 896 Ammonium

50 923 215 999 nolli-um
242 950 315 995 non
342 923 495 1020 quidem
529 952 613 995 eum
641 922 730 1016 elle,
764 950 873 1020 quern
895 945 976 996 autc
1003 924 1158 1020 Augusti

52 1029 250 1125 imperium
287 1027 487 1100 Ariliarolri
524 1025 687 1098 scholam
719 1025 960 1099 Alexandriae
993 1028 1159 1101 modera·

52 1152 132 1203 tunt
162 1130 265 1203 seille
297 1131 441 1203 testatur
467 1130 618 1214 Suidas,
645 1155 771 1202 verum
800 1150 921 1201 tamen
943 1131 1160 1203 Grammati-

54 1260 203 1325 corum,
244 1233 308 1333 qui
339 1231 548 1329 supersunt,
587 1233 664 1306 lere
701 1231 1001 1328 antiquillirnum,
1037 1232 1160 1306 seculo

52 1337 135 1436 poll
165 1356 289 1409 natum
317 1336 500 1409 Christum
522 1335 645 1433 primo
668 1331 821 1407 sensuli
844 1336 987 1407 initium
1008 1333 1155 1411 secund.

49 1441 209 1511 maxime
239 1437 408 1511 lloruille.
465 1438 555 1510 Eam
589 1440 629 1509 in
669 1465 746 1510 rem
780 1437 868 1510 bina
902 1437 1160 1521 tantumrrrodo

55 1543 217 1614 adferam
248 1561 471 1638 argumenta.
533 1540 698 1615 Primum
736 1561 820 1636 peto
848 1569 868 1613 a
900 1543 1162 1615 Grammatico·

55 1672 140 1718 rum
162 1645 324 1740 agmine,
349 1671 443 1743 quos
467 1646 505 1714 in
534 1670 665 1739 parvae
691 1644 800 1714 molis
823 1644 950 1719 libello
975 1645 1020 1716 ad
1043 1667 1160 1742 partes

54 1767 164 1820 vocat
194 1745 335 1819 Noster.
384 1748 562 1820 Omnium
597 1767 710 1836 aetas,
742 1745 768 1815 fi
803 1774 918 1817 nuum
950 1768 986 1818 et
1008 1749 1162 1818 alterum

58 1848 234 1947 excipias,
259 1850 403 1947 cognita
428 1850 498 1941 est,
524 1869 561 1921 et
581 1851 627 1920 ab
653 1850 720 1940 iis,
745 1848 809 1947 qui
833 1848 922 1921 huie
947 1847 1163 1922 eruditionis

57 1953 152 2051 pardi
207 1951 438 2027 illustrandae
483 1953 748 2044 incubuerunt,
801 1952 998 2048 explorata.
1068 1953 1162 2023 Ante

60 2054 261 2151 Augustum
304 2054 376 2128 live
413 2054 480 2126 sub
513 2055 589 2127 eius
623 2055 780 2152 imperio
827 2053 975 2127 diverlis
1004 2055 1043 2125 iu
1069 2055 1162 2127 locis

61 2161 329 2231 Grammaticae
358 2144 524 2231 sc‘ienriae
547 2159 642 2229 fama
666 2157 810 2230 nobiles
841 2159 1062 2247 claruerunt,
1095 2158 1165 2230 Ze-

61 2260 235 2352 nodotns,
254 2254 529 2357 Aristophanes,
552 2261 738 2335 Neanthes
752 2261 966 2358 Cyzicenus,
989 2258 1165 2352 Mnaseas,

61 2361 255 2435 Philemon
289 2362 526 2455 Aexouenlis,
552 2362 785 2462 Asclepiades
816 2363 1044 2463 Myrleanna,
1076 2361 1168 2463 Try-

61 2466 162 2563 pho,
201 2465 402 2566 Didymus,
446 2467 583 2541 Lucins
613 2467 844 2554 Tarrhaeua,
884 2462 1167 2566 Lyfimachides,

64 2568 259 2642 Aristocles
290 2568 458 2641 Rhodius
492 2592 528 2642 et
553 2571 790 2647 Aristonicus.
850 2568 919 2640 His·
964 2568 1073 2664 paulo
1113 2594 1166 2640 re-

62 2672 206 2741 centior
237 2693 459 2745 memoratur
489 2672 730 2770 Apollonides
770 2670 949 2759 Nicenus,
995 2670 1165 2741 Aristocli

62 2773 164 2844 forte
204 2792 239 2845 et
268 2774 471 2849 Arillonico
504 2802 680 2864 coaevus,
722 2773 826 2845 cuins
860 2793 1010 2871 aetatem
1048 2773 1094 2842 G.
1134 2773 1164 2843 Ι.

64 2873 194 2946 Vollio
214 2874 333 2947 minus
363 2879 548 2975 cognitam
586 2877 626 2948 in
655 2874 810 2949 Tiberio
835 2881 1058 2972 Imperatore
1088 2875 1168 2947 fixit

64 2973 208 3051 lonfius
237 2979 291 3051 De
315 2980 449 3077 Script.
474 2978 725 3052 allophilos.
751 2975 795 3050 L.
819 2978 892 3050 Ill.
915 3005 948 3048 c.
973 3003 1030 3049 ιιι.
1054 2976 1169 3049 Hera-

65 3080 181 3152 clides
215 3103 335 3155 autem
367 3082 652 3175 Grammaticus,
682 3083 726 3154 ab
760 3081 958 3153 Ammonio
995 3082 1167 3178 ambiguo

64 3180 255 3282 ἡμιτέρου
278 3185 383 3257 ιίιιιΙο
407 3207 567 3283 ornatus,
593 3213 703 3282 quem
729 3183 775 3257 de
798 3183 971 3257 industria
991 3184 1170 3255 iuGram·

65 3287 286 3359 maticorum
324 3289 486 3385 catalogo
520 3286 759 3385 praetermili,
803 3288 974 3376 alterum,
1008 3306 1050 3357 nt
1083 3311 1170 3357 con·

67 3388 177 3480 iicio,
215 3415 283 3484 pro
316 3388 507 3462 Arrrmonii
536 3389 747 3487 antiquitate
780 3389 887 3461 nobis
918 3406 1169 3486 argumentum
1227 3454 1230 3459 .
1312 3434 1322 3447 κ

66 3487 327 3587 suppeditabit.
386 3493 440 3565 Ex
470 3492 699 3580 Heraclidis,
734 3506 836 3590 quos*
855 3487 997 3562 Ioulius
1024 3489 1169 3588 triginta

69 3593 308 3690 cognomines
338 3595 536 3686 recensuit,
566 3596 648 3693 quis
681 3595 948 3666 Ammoniacus
970 3592 1033 3684 lit,
1068 3595 1106 3662 in
1123 3616 1167 3662 ιι.

69 3695 286 3794 Σταφυλὴν
320 3698 472 3789 citatus,
508 3697 578 3769 fuit
610 3695 820 3796 qnaefitum.
889 3696 944 3769 Cl.
982 3695 1170 3769 Fabricius

68 3800 252 3872 Biblioth.
280 3801 410 3873 Graec.
435 3799 521 3873 vot.
546 3800 576 3871 Ι.
608 3828 642 3897 p.
665 3803 751 3876 555.
776 3819 810 3871 et
836 3797 1086 3895 V01.v11.p.
1111 3803 1171 3871 lia.

70 3901 137 3974 etli
159 3894 233 3974 istis
254 3903 292 3975 in
313 3905 421 3996 locis,
456 3903 557 3998 quod
583 3903 619 3973 in
647 3923 741 3974 tanta
767 3928 888 3974 rerum
912 3901 1018 3999 copia
1037 3903 1171 3972 mirum

71 4031 147 4078 nou
171 4004 240 4097 est,
266 4007 395 4079 leviter
414 4007 571 4092 labitur,
595 4002 813 4076 Heracliden
837 4023 1022 4077 auctorem
1046 4000 1176 4074 Proso-

70 4106 178 4200 diae,
225 4110 329 4183 cuius
359 4111 530 4207 frequens
562 4107 721 4180 occurrit
752 4107 911 4198 menti0,
948 4127 983 4179 et
1011 4103 1174 4177 Heracli·

72 4211 168 4305 den,
211 4237 323 4310 quem
358 4210 575 4287 Ammonius
611 4231 715 4297 vocat
740 4205 943 4308 ἡμέτερον,
992 4233 1105 4281 unum
1139 4223 1176 4280 at
