2700 4764
127 240 219 286 mu
485 222 879 286 PRAEFATIO.

127 395 251 482 Quare
283 393 328 467 de
357 392 420 465 ista
450 395 591 490 opella,
625 413 661 466 et
696 392 742 466 de
771 392 949 469 Herennii
984 396 1056 471 five
1093 403 1231 499 Erauii,

126 526 214 597 quas
238 499 446 595 vulgamus,
473 495 615 570 schedis
637 494 736 567 idem
763 497 914 589 censeo.¹
960 500 1124 600 Uterque
1143 511 1233 579 Aru.

109 601 309 693 monium,
352 601 462 697 vulgo
490 598 620 671 ¹forsan
649 601 769 671 minus
801 604 1009 700 cognitum,
1047 607 1085 676 in
1123 608 1231 687 usum

122 730 322 802 puerorum
360 700 561 799 deseripfit,
598 714 645 774 'et
688 724 852 775 veterum
895 708 1227 785 Grammaticorum

120 808 334 880 nominihus
359 807 437 878 liras
461 808 616 903 quisque
642 831 781 879 merces
811 808 1068 885 commendare
1096 816 1229 889 voluit.¹

119 908 246 983 Redeo
266 910 312 981 ad
338 905 585 980 Ammoniurn.
971 972 975 981 ,

140 1050 143 1055 ’
220 1014 382 1110 Scopunr
422 1011 611 1082 Ammonii
647 1010 882 1109 indagaturus
916 1017 1086 1091 omnibus
1124 1046 1224 1097 nune

116 1137 204 1189 nota
226 1114 441 1211 effe'pono,
464 1114 613 1211 quaein
635 1111 788 1189 Praefat.
814 1117 861 1189 ad
884 1118 1073 1194 Pollucem
1100 1151 1134 1220 p.
1159 1132 1223 1215 41,

112 1216 244 1319 doqui’t
289 1219 472 1290 Celeberr.
517 1215 832 1291 Hernsterhuifius.
899 1221 972 1307 Qui
1014 1222 1220 1303 sermonem

114 1322 294 1419 patrium,
334 1321 437 1392 cuius
461 1320 615 1394 nativus
645 1321 749 1392 color
787 1350 878 1420 pene
914 1350 1125 1417 evanuerat,
1171 1331 1220 1405 ad

109 1444 277 1497 ‚veterum
310 1449 476 1493 normam
508 1441 696 1494 retractare
728 1423 937 1520 studebant,
978 1429 1218 1507 Grauunatici

76 1529 277 1615 ¹ruerunt.¹
334 1523 568 1616 Aristarchei,
615 1527 763 1618 ceteris,
812 1548 853 1599 ut
890 1529 1055 1626 videtur,
1102 1537 1218 1633 magia

112 1628 290 1722 adcurati,
321 1627 696 1726 apud'Etymologunt
720 1656 757 1726 p.
787 1638 872 1723 787.
896 1659 930 1705 v.
956 1641 1016 1706 96.
1043 1635 1216 1711 dicuutur

110 1732 158 1809 οἱ
183 1732 363 1833 ἀκριβεῖς
394 1737 688 1828 γραμματικοὶ,
720 1731 789 1830 ,qui
821 1734 989 1811 Thomae
1020 1738 1073 1809 M.
1107 1741 1146 1810 in
1182 1769 1213 1814 v.

110 1835 230 1925 Δόξα,
258 1834 412 1907 audiuut
455 1838 496 1906 οἱ
531 1831 915 1932 ἀκριβολογούμενοι
946 1846 1030 1938 περὶ
1054 1843 1104 1913 τά
1136 1844 1210 1918 τῶν

109 1937 248 2024 λέξεων
275 1934 550 2033 σημαινόμενα.
609 1935 687 2007 Hos
721 1938 817 2008 inter
850 1936 1082 2013 Anrnronius'
1107 1972 1210 2019 voca·

98 2040 281 2114 automni
315 2039 497 2136 propriam
525 2038 748 2136 potestatem.
767 2040 940 2134 tradidit,
975 2066 1012 2117 et
1043 2047 1211 2121 differeu.

107 2144 185 2215 tias¹
208 2140 411 2233 constituit,
452 2166 544 2211 nonr
556 2141 747 2234 omnium,
785 2141 849 2216 sed
888 2172 1015 2218 eorum
1054 2170 1208 2245 tautum,

107 2270 201 2344 quae
219 2246 320 2317 ¹olim
350 2241 497 2315 diverso.
523 2240 726 2339 fignificatu
761 2271 781 2317 a
819 2248 927 2319 honis
967 2249 1217 2346 scriptoribus-

104 2368 270 2446 accepta,
305 2343 417 2444 ipfius
452 2371 541 2417 aevo
576 2344 783 2442 promiscue
821 2348 1094 2447 usurpabantur.
1147 2357 1206 2433 Ne

104 2447 525 2548 quidem-Phrynichus,
551 2444 665 2522 homo
690 2450 728 2520 iu
755 2451 912 2551 antiquis
935 2457 1207 2553 reprehenden-

104 2552 160 2625 die
188 2554 428 2653 petulantior,
459 2550 658 2649 quidquam
687 2554 889 2651 reprobalse
917 2557 1055 2630 censeri
1079 2560 1205 2659 debet,
1245 2617 1251 2625 -

100 2656 168 2753 nist
187 2657 288 2756 quod
310 2683 373 2751 eu,
398 2682 472 2752 quo
496 2653 696 2748 scribebat,
719 2677 884 2754 tempore
909 2682 982 2734 erat
1006 2664 1204 2760 vulgatum.

1 2829 3 2838 k
99 2758 346 2847 Nuuuelium,
377 2759 440 2855 qui
466 2755 661 2856 ἀδόκιμον
690 2758 728 2829 in
753 2758 965 2859 Phrynicho
990 2764 1216 2843 reddiderat:

98 2867 328 2955 inusttatum,
349 2862 506 2956 eor-rigit
535 2862 714 2957 Scaliger,
746 2882 783 2934 et
813 2887 957 2961 monet,
1000 2867 1212 2949 dicendum*

85 2964 199 3037 -fuiss'e
221 2966 436 3059 reprobum,
461 2956 669 3055 reiirulum,
701 2988 791 3039 nam
812 2968 944 3063 (verba
963 2967 1204 3071 suut.Scali·7

85 3069 186 3162 geri)
210 3093 300 3138 nam
310 3072 350 3159 st
371 3091 444 3135 aton
469 3080 551 3135 erat
573 3071 613 3135 in
631 3069 713 3158 eyia,
745 3094 861 3162 quare
891 3077 1205 3166 reprehenderet?

94 3169 144 3241 Itr
163 3171 317 3242 eandem
340 3171 415 3239 fere
443 3166 652 3240 senteutiam
678 3187 777 3242 notat
804 3173 859 3245 Cl.
892 3173 1201 3255 Hemsterhuiiiua

95 3270 155 3365 ad·
173 3272 325 3343 Lu'ciani
355 3270 540 3344 Proruetii.
571 3270 616 3349 Τ
642 3271 670 3343 Ι.
701 3299 735 3369 p.
763 3278 846 3344 995.
873 3274 1043 3362 {Primum
1072 3282 1215 3380 itaque.

93 3376 313 3462 Ammonius
335 3395 500 3472 receptae
527 3373 786 3451 consuetudini
816 3376 1025 3452 interiorem
1048 3383 1199 3479 linguae

92 3477 257 3550 indolem
304 3476 366 3549 seu
405 3499 569 3550 veterum
613 3476 831 3572 scriptorum
880 3479 985 3552 usum
1045 3486 1197 3563 obiecit.

87 3578 183 3652 -Hoo'
198 3580 302 3652 suunt
326 3580 553 3677 propolitum
569 3576 723 3651 subinde
747 3606 821 3652 uon
840 3582 994 3657 obscure
1011 3589 1195 3682 patefacit.

91 3681 136 3753 In
166 3687 284 3780 operis
310 3684 437 3755 limine
469 3679 664 3754 secundum
691 3703 829 3755 veteres
863 3683 1049 3783 distinguit
1081 3717 1194 3771 voces

82 3783 279 3875 {diffidam
320 3805 356 3856 et
390 3784 573 3876 Βέβηλα,
624 3804 729 3882 atque
778 3813 836 3859 eas
884 3789 993 3886 vulgo
1037 3793 1195 3890 quidem

88 3885 244 3983 dil’cerui
275 3887 420 3980 scribit,
453 3887 517 3960 sed
547 3886 666 3957 minus
698 3886 778 3962 rite·
830 3889 927 3962 Vide
956 3920 1066 3987 porro
1093 3924 1195 3993 quae

87 4008 188 4061 notat
226 3988 273 4060 ad
315 4015 421 4063 voces
462 3989 745 4090 Ἀτελεύθερος,
768 3998 825 4090 ξει
870 3996 1005 4069 Brevia.
1064 3997 1107 4069 Iu
1153 4030 1191 4077 v.
1247 4064 1250 4079 .

85 4090 280 4190 Γράμμα,
315 4092 506 4191 postquam
537 4112 744 4184 monuerat,
781 4092 949 4192 γράμμα
985 4124 1052 4193 pro
1087 4102 1191 4197 σύγ.
1244 4094 1250 4175 .ss

83 4224 252 4297 γραμμα
287 4196 334 4281 ab
356 4195 519 4296 ¹autiquis
549 4195 651 4268 fuiss'e
687 4193 859 4293 pofitum,
897 4197 1019 4293 addit,
1055 4194 1192 4295 eodeni
1244 4182 1250 4255 Ι·
