2700 4764
183 274 244 365 ⁴7²¹
353 210 359 223 ⁸
449 264 964 335 Anrnnnvnuston
988 285 1045 336 11

192 482 327 529 mecum
353 479 532 547 reponere:
564 463 640 549 περὶ
670 455 736 527 τῶν
763 450 857 550 παραὶ
881 462 950 539 τοῖς
976 451 1143 539 Ἀττικοῖς
1175 450 1298 549 ἑορτῶν.

193 562 410 629 Levissimum
430 567 653 627 mutationem
676 561 791 626 suadet
815 567 1092 657 Harpocration,
1123 565 1184 650 qui
1214 566 1251 626 in
1272 582 1298 626 v.

193 667 316 758 Σκῖρον
345 663 439 729 testes
471 671 550 729 citet
578 657 652 745 τούς
683 659 878 760 γράψαντας
917 669 991 756 περὶ
1024 693 1059 734 τε
1096 659 1221 756 ἑορτῶν
1248 669 1300 731 καὶ

193 769 300 859 μηνῶν
331 762 535 864 Ἀθήνῃσιν,
563 763 608 839 ὧν
637 770 708 838 ἔστι
736 775 791 838 καὶ
824 773 1058 860 Λυσιμαχίδης.
1115 767 1169 832 De
1202 766 1298 832 Festis

96 906 99 911 ·
193 884 345 959 egerant,
365 873 472 936 eidem
487 872 566 936 alibi
581 877 687 951 citati,
714 874 911 966 Apollonius
925 869 1163 949 Acharnenfis,
1191 874 1299 940 Phiso-

194 982 313 1046 cboruc
326 987 358 1040 et
375 976 442 1055 ulii,
464 997 547 1065 quos
561 981 650 1040 inter
668 981 924 1074 Lysrmocbideo.
958 975 1047 1041 Fieri
1063 996 1133 1038 non
1155 985 1297 1062 poterat,

192 1091 247 1159 ut,
271 1084 328 1166 qni
349 1076 447 1144 festos
473 1075 728 1143 Atheniensium
755 1081 824 1157 dies
852 1089 1077 1168 exponerent,
1110 1097 1184 1143 nou
1206 1074 1298 1142 fimrd

190 1180 355 1248 menfium
373 1187 474 1246 etiem
487 1178 650 1245 haberent
672 1187 853 1248 rationem:
875 1204 984 1270 neque
1005 1187 1164 1258 mirarer,
1187 1183 1297 1267 potio-

191 1308 265 1350 rem
285 1295 418 1348 tontum
446 1288 556 1370 operis
577 1293 708 1370 purtem
729 1284 771 1347 eb
792 1289 976 1356 Ammonio
996 1286 1198 1360 memorari,
1225 1302 1303 1345 cum·

192 1397 225 1450 et
253 1386 333 1450 alibi
359 1383 573 1471 Lamprensis
603 1385 787 1455 Ammonii
809 1381 847 1458 τό
885 1394 960 1480 περὶ
985 1383 1113 1456 θυσιῶν
1141 1388 1295 1461 citaverit,

193 1495 301 1577 qui
275 1500 390 1552 tamen
416 1487 502 1551 liber
529 1496 604 1579 περὶ
626 1488 745 1579 βωμῶν
767 1497 822 1559 καὶ
846 1488 975 1560 θυσιῶν
998 1487 1194 1554 inscribitur
1215 1483 1295 1572 apud

192 1594 513 1684 Harpocrationem.
565 1592 659 1657 Idem
673 1597 937 1690 Iyfimacbider,
958 1596 1108 1682 quumvis
1122 1609 1249 1654 nomen
1263 1592 1295 1651 in

180 1699 400 1769 ,Fabriciano
414 1695 522 1759 indice
536 1717 606 1760 non
621 1710 829 1783 compareat,
855 1697 943 1764 testis
957 1694 1154 1760 adducitur
1144 1714 1182 1755 1n
1197 1686 1294 1755 Sebo·

190 1797 726 1892 111111180111110111001156
742 1824 892 1891 quaeque
908 1800 956 1864 ibi
978 1798 1019 1862 de
1039 1791 1245 1860 Prometheo
1267 1801 1295 1855 et
1338 1854 1340 1869 ,

191 1899 347 1967 Vulcano
364 1900 510 1965 Athenis
523 1922 592 1965 uno
609 1907 646 1966 in
665 1901 740 1966 Ioco
769 1905 866 1969 cultis
887 1902 947 1967 sub
971 1907 1041 1977 eine
1063 1903 1203 1985 nomine
1219 1917 1295 1983 pro·

190 2003 374 2083 ducuntur,
399 2026 442 2068 ex
463 2003 581 2067 eodem
606 2004 694 2070 libro
717 2006 873 2096 videutur
900 2004 1060 2069 desumto.
1111 2000 1206 2063 Haec
1226 2002 1295 2086 qui·
1337 2040 1340 2053 .

191 2105 269 2170 dem
291 2106 398 2193 specie
413 2106 470 2171 sua
485 2126 555 2169 uon
570 2117 693 2172 carent.
744 2104 793 2172 At
820 2112 959 2179 Caecilii
979 2125 1104 2169 nomen
1132 2105 1295 2166 coniectu·
1318 2168 1326 2193 ἱ

190 2229 248 2272 rae
262 2230 356 2274 meae
370 2209 512 2273 dubium
527 2207 701 2287 obmovet,
725 2215 779 2275 cui
793 2232 863 2277 non
883 2211 943 2275 sim
962 2205 1129 2274 solvendo.
1187 2206 1294 2276 Caeci«

192 2315 277 2378 lium
303 2311 469 2398 quendem
484 2310 544 2375 sub
557 2306 735 2396 Augusto'
724 2318 880 2399 inprimis
868 2313 1062 2377 odorum
1052 2331 1089 2372 m
1111 2306 1296 2373 oratoribus

181 648 190 680 Ι

192 2419 339 2504 antiquie
351 2412 549 2478 illustrandis
562 2434 702 2499 operam
716 2414 808 2483 suum
825 2414 996 2481 collocasse
1016 2410 1146 2510 liquido
1170 2410 1296 2486 constet,

94 2558 97 2569 ·
192 2516 299 2606 deque
322 2538 361 2581 eo
382 2509 500 2583 notent
529 2516 820 2585 commentatores
849 2519 891 2583 ad
918 2520 1126 2610 Longinum.
1179 2513 1297 2580 Erret

196 2627 283 2694 V
230 2624 284 2717 ff
285 2647 362 2710 ιαη,
388 2631 421 2684 et
441 2623 603 2690 Ioannem
623 2623 724 2684 etiam
748 2625 904 2717 Ionfiam,
925 2619 1101 2684 bominem
1123 2602 1298 2683 erudititi-

164 2745 298 2808 mum,
323 2722 462 2789 deHist.
478 2722 604 2788 Philos.
618 2722 780 2810 Scriptor
794 2723 852 2790 ΙΙΙ.
869 2749 938 2790 c..1
955 2719 980 2809 1.
1002 2722 1034 2785 5.
1049 2724 1237 2808 permovit,
1266 2728 1297 2781 ut

124 2821 126 2824 ’
192 2824 293 2913 super
317 2838 449 2914 recepta
478 2832 515 2892 iu
542 2832 726 2897 Ammonio
740 2822 918 2916 'scripture
950 2824 1038 2889 1111111
1066 2819 1296 2888 dubitaverint

193 2928 440 3016 Suspicionem,
465 2953 566 3017 quem
580 2928 694 3017 posui,
719 2930 871 2995 nondum
885 2942 998 2995 tumen
1013 2924 1173 3012 repudio,
1195 2945 1297 3013 neque

192 3027 320 3095 horum
353 3053 410 3095 me
438 3037 617 3097 auctoritas
647 3030 687 3094 de
713 3037 822 3118 priori
849 3033 1007 3098 sententie
1037 3029 1191 3092 dimovit.
1248 3025 1297 3092 De

131 3133 172 3216 96
192 3128 400 3197 Rhetoribus
416 3132 588 3221 scripserat
601 3137 784 3222 Caeciliae3
777 3134 890 3199 ·idem
903 3134 943 3200 de
958 3123 1191 3229 [psimacbide
1202 3151 1296 3196 nemo

186 3235 341 3300 tradidit.
391 3232 444 3297 Ac
463 3246 643 3322 propterea
658 3259 698 3301 eo
713 3236 843 3301 devenit
863 3240 1004 3329 Ιονῷια,
1027 3231 1148 3299 uther
1172 3239 1296 3298 ratione

191 3342 231 3404 in
243 3341 427 3410 Ammonio
446 3336 644 3404 vertendum
667 3338 844 3402 censuerit:
868 3343 1116 3435 Lyfimachidee
1137 3339 1222 3407 libro
1241 3338 1296 3406 ad·

193 3441 307 3534 versuo
333 3445 516 3522 Caecilium
540 3444 581 3509 de
603 3445 658 3524 iis,
682 3469 766 3536 quae
788 3447 882 3535 apud
894 3451 1063 3514 Rhetorcre
1083 3439 1297 3529 Athenienfet
1336 3494 1340 3507 .

193 3563 384 3618 occurrunt.
410 3567 606 3636 quaequam
621 3542 684 3609 fint
699 3568 719 3610 e
732 3545 867 3610 Graecis
881 3547 997 3627 aliena,
1014 3547 1068 3612 vel
1088 3550 1156 3608 tiro
1171 3544 1296 3609 viderit.

193 3650 231 3715 81
245 3658 336 3716 enim
356 3649 414 3716 ista
438 3650 621 3727 obtineret,
650 3671 751 3736 quem
772 3654 894 3746 Ionfiuo
915 3649 1070 3725 exhibet,
1092 3645 1215 3725 versio,
1240 3643 1297 3708 huc

147 3762 156 3824 ,“
193 3758 325 3819 ratione
344 3753 523 3840 legendum
555 3747 659 3815 soret:
704 3757 748 3822 A.
773 3756 808 3822 ἐν
834 3752 880 3846 τῷ
910 3747 993 3845 πρὸς
1022 3752 1204 3824 Καικιλίου
1227 3754 1296 3839 περὶ

193 3855 259 3925 τῶν
282 3851 374 3948 unp&
396 3863 464 3938 τοῖς
484 3849 651 3936 Ἀττικοῖς
671 3851 816 3947 ῥήτορσι.
843 3871 932 3944 'quoe
958 3861 1104 3920 nimium
1129 3877 1148 3918 e
1169 3863 1298 3941 recepte

193 3960 356 4048 scripturo
369 3963 537 4026 recedunt.
571 3959 712 4025 Interim
731 3964 870 4036 Caecilii
883 3965 1010 4025 montio
1028 3956 1116 4045 opud
1130 3963 1298 4053 Harpoer.

193 4069 231 4133 'iu
249 4083 283 4131 v.
296 4059 497 4149 'Egodipoed
513 4069 736 4137 Ammonium
750 4067 939 4152 comparari
956 4062 1064 4126 debet.
