2700 4764
413 114 809 179 tuterit-to.
1100 146 1181 190 nn

89 290 92 295 ’
175 286 376 385 Praecipua
395 307 517 360 tamen
543 287 640 359 illius
661 286 712 357 rei
736 314 820 357 rura
842 285 889 359 ad
914 287 1181 369 Grammaticos

72 392 260 489 spectavit.
310 391 472 489 Quando
503 391 598 463 enim
633 388 666 460 se
697 391 742 460 ad
768 388 961 464 Poetarum
1000 398 1181 469 tractatio·

73 522 158 571 nem
182 513 460 585 converterunt,
484 493 562 564 fieri
584 518 657 563 nou
681 513 838 589 poterat,
859 498 948 591 quiu
972 497 1007 566 iu
1032 501 1180 595 propria

71 599 338 679 vocabulorum
368 598 403 667 vi
435 599 638 685 cernenda,
677 615 712 667 et
751 596 926 669 adfinium
964 600 1179 676 ‹lill'ereutiis

70 700 283 773 indicandis
314 700 548 771 elabotNJatettt
601 697 718 770 Multa
746 692 896 795 pie'odu
886 720 915 770 tt
942 701 1179 798 Anturranius,

70 831 158 877 cnm
186 830 232 874 cx
252 803 401 875 aliorum
425 802 618 899 operibus,
644 823 721 871 tum
744 829 785 874 ex
814 802 1001 877 labtuiusts
1029 807 1180 908 Didymi

69 908 107 979 in
137 906 362 999 Homerum,
393 904 610 994 Pindarum,
646 924 681 975 et
714 905 960 1004 Bacchylidem
993 936 1181 983 commen·

70 1009 193 1106 tpriis3
223 1037 268 1081 ne
296 1037 393 1082 nunc
417 1008 555 1100 dicam,
589 1010 629 1078 in
657 1007 718 1098 iis,
745 1035 837 1105 quae
860 1035 925 1081 nos
952 1008 1177 1109 usmpamm,

40 1132 42 1135 ’
70 1133 235 1185 veterum
270 1110 496 1185 scholiorum
522 1062 614 1183 uiale
637 1111 892 1189 consarcinatis
919 1115 1082 1209 reliquiis
1102 1116 1196 1199 hoc,

70 1215 108 1287 in
135 1241 267 1313 genere
301 1241 376 1286 non
407 1242 520 1313 pauca
558 1212 747 1308 luperess'e.
809 1214 1075 1314 Quamcunque
1107 1219 1178 1293 fibi

69 1318 256 1405 materiam
296 1316 378 1414 quis
427 1319 648 1389 tractandam
695 1314 867 1407 sumeret,
915 1322 1092 1392 vocabula
1128 1349 1175 1396 eo

67 1419 263 1519 spectantia
289 1440 412 1493 curate
439 1418 619 1491 discrevit.
642 1418 827 1504 Quantum
851 1418 899 1491 ad
924 1423 1023 1494 hunc
1048 1425 1175 1499 locum

68 1524 251 1621 pertinere
271 1524 426 1621 quisque
446 1522 674 1612 indicaverit,
701 1523 1038 1617 Auctorumlndex,
1064 1554 1177 1623 quem

68 1627 292 1698 Vulcanium
327 1627 498 1724 sequutus
541 1623 588 1695 ad
627 1627 751 1697 Amm.
793 1628 983 1721 contexui,
1030 1628 1176 1705 abunde

66 1727 363 1801 subministrabit.

117 1882 122 1895 ·
171 1832 247 1929 Qui
281 1832 363 1903 data
396 1857 508 1926 opera
541 1831 579 1902 in
607 1858 687 1905 eam
718 1849 853 1925 partem
878 1830 1104 1927 incubuerit,
1134 1856 1176 1909 ut

67 1955 150 2007 ante
183 1934 374 2009 Ammonii
402 1954 553 2005 aetatem
578 1962 691 2005 unum
720 1937 759 2008 iu
784 1934 950 2007 libellum
978 1938 1175 2013 verborum

50 2024 287 2113 ‘differentias
310 2059 479 2134 coger,et
504 2037 686 2110 neminem
715 2036 811 2107 novi.
854 2037 993 2111 Verum
1021 2040 1174 2136 quidem

67 2140 137 2232 est,
169 2142 403 2238 antiquorum
435 2139 650 2233 hominum,
689 2138 891 2214 Ptolemaei
927 2141 1171 2241 Ascalonitae,

66 2195 242 2315 Heiennii
273 2243 461 2329 Philonis,
501 2243 589 2339 quin
620 2242 874 2341 Aristophanis
903 2246 1009 2318 etiam
1041 2248 1173 2321 Gtwam

65 2345 189 2419 matici
213 2345 320 2421 hoc
311 2375 350 2418 ιιι
375 2373 506 2444 genere
529 2347 672 2419 labores
696 2348 842 2444 vulgo
833 2349 978 2423 iactari:
1012 2348 1096 2441 sed,
1131 2372 1173 2425 ut

65 2447 192 2521 iude
184 2449 375 2548 incipiam,
410 2449 665 2547 Aristophanis
703 2468 873 2525 tractatus
911 2459 995 2549 περὶ
1033 2450 1172 2540 λέξεων

10 2616 12 2621 .
66 2547 290 2643 diceresne,
342 2573 585 2645 nientoratur,
646 2551 749 2647 quod
797 2578 865 2647 ego
920 2559 1169 2648 cognoverim,

62 2654 251 2750 nuspiam,
287 2677 538 2752 pr·aeterqunm
570 2681 590 2723 a
623 2652 844 2725 Salmalio
836 2680 873 2723 m
909 2653 1096 2729 Obsermvat
1124 2657 1172 2732 ad

64 2756 128 2830 lus
169 2759 245 2827 Att
275 2778 310 2829 et
340 2758 442 2829 Rani.
476 2785 509 2833 c.
537 2782 633 2827 xxvi.
672 2783 705 2851 p.
736 2762 821 2848 609.
864 2755 921 2828 Ne
955 2757 1015 2829 cui
1049 2779 1171 2836 tamen

63 2859 191 2932 videar
214 2857 456 2958 suspiriolior,
482 2859 573 2957 quid
593 2858 728 2949 harde
750 2856 982 2954 cosentiam,
1004 2889 1171 2960 premere

64 2963 224 3035 decrevi.
290 2963 444 3056 Rerum,
485 2990 575 3061 quas
613 2964 767 3060 legerat,
810 2964 1014 3037 thesaurum
1054 2962 1171 3041 solam

62 3066 276 3137 memoriam
314 3067 478 3139 babuisse
515 3065 727 3138 Salmafium
767 3068 984 3163 accepimus.
1035 3071 1172 3145 Fallaci

62 3168 206 3241 cttlludi
251 3172 403 3241 nimium
450 3169 557 3266 saepe
603 3169 814 3241 confidebat
858 3171 925 3242 Vir
977 3170 1169 3245 Maximus.

62 3272 200 3343 Suidae
235 3270 306 3345 siue
339 3274 412 3345 ulla
438 3270 636 3344 formidine
671 3298 728 3343 me
761 3271 920 3363 obiicio,
947 3273 1016 3370 qui
1049 3270 1170 3348 Ptole·

61 3400 207 3447 meeum
231 3374 472 3447 Ascalonitam
501 3373 671 3470 scripsisse
697 3372 849 3446 tradidit
870 3381 954 3472 περὶ
975 3372 1169 3476 διαφορᾶς

60 3474 219 3568 λέξεων,
248 3478 458 3550 recentioris
484 3476 639 3571 magistri
669 3477 796 3594 fraude
825 3477 1009 3573 deceptus.
1062 3482 1167 3566 Quae

10 3612 22 3637 ι
61 3577 125 3650 sub
151 3579 353 3653 Ptolemaei
376 3580 600 3653 Ascalonitac
628 3579 775 3654 nomine
798 3579 955 3676 vulgavit
978 3581 1168 3655 Fabricius

58 3680 99 3756 Β.
126 3682 176 3755 G
204 3682 332 3755 L.lV.
364 3712 395 3754 c.
429 3686 489 3757 55.
521 3681 551 3777 5.
584 3689 619 3754 5.
654 3682 842 3755 certissima
872 3685 1079 3780 praescr-unt
1113 3713 1169 3759 r·e

10 3850 13 3855 .
10 3785 232 3875 ¹centiorir
261 3788 337 3857 aevi
370 3784 523 3881 vestigia.
583 3787 822 3876 Ammonius,
865 3783 1053 3859 adnuratae
1085 3787 1168 3860 dili·

10 4230 19 4257 ,.

10 4266 17 4301 l

10 3887 201 3981 ‚gentiae
233 3888 434 3980 lludrolits,
468 3885 632 3981 nuspiam
663 3914 736 3957 nott
765 3888 882 3961 solum
919 3888 1018 3964 istius
1046 3889 1167 3963 Ptole·

10 3984 150 4060 maci
191 3990 277 4063 libri
305 3988 490 4080 meminit,
520 3987 585 4061 sed
614 4010 650 4060 et
682 3990 917 4083 diflerentias,
958 4019 1049 4088 quae
1085 3993 1163 4064 illio

57 4068 253 4189 legunttir,
283 4120 328 4166 ex
352 4044 549 4170 Ptoleniaei
570 4089 746 4167 Prosodia
770 4094 968 4168 Homerica
991 4091 1163 4169 enotavit.
