2700 4764
270 220 614 313 annotemus
626 241 722 309 nu.
745 241 788 311 n.
813 245 912 312 o..a›.
933 244 1030 313 xm.
1137 273 1206 340 119

100 441 145 507 Σι
141 460 231 518 κους
253 433 439 526 Τροφωνίου
451 444 486 497 et
505 427 669 520 θαλάμας
695 434 880 528 Τροφωνίου
901 446 1071 521 permutat
1086 439 1205 530 Eurip

100 537 174 603 Ion.
188 555 219 602 v.
237 535 319 602 300.
336 547 369 600 et
389 533 473 625 394.
494 534 719 601 Illulbioium
738 534 918 603 hominum
941 536 1089 624 sepulcra
1098 536 1163 633 sep
1164 556 1207 628 ιο,

92 630 204 733 lamp,
236 637 464 724 cingebantur.
515 636 707 711 Nicarclcua
728 634 942 702 Anth01.111.
960 659 986 702 c.
1008 645 1155 729 1..epigr.
1177 662 1206 706 1.

100 830 139 841 ..
263 757 412 837 Αυτόκ”
393 790 503 856 εχοοσι
526 773 624 859 θεοὶ,
648 763 797 855 οῶμοδὲ
818 758 916 851 σηκός
933 761 999 836 ὁδε.
1102 852 1105 857 ι

45 930 48 937 ·
96 892 346 981 Hincpetenda
359 893 607 975 videturratio,
632 900 743 960 cur-in
757 902 864 981 σηκοῖς
879 894 960 959 culti
983 891 1126 975 fuerint,
1149 898 1206 983 qui
1322 906 1326 912 “

98 996 143 1063 ob
165 993 403 1084 praestantiora
422 1003 543 1062 merita
564 997 638 1087 post
660 996 792 1069 obitum
813 1002 849 1062 in
871 997 949 1062 deos
965 994 1203 1061 referebantur.

97 1097 200 1166 Illaec
211 1097 332 1182 religio
347 1099 389 1163 ad
413 1097 617 1170 Christianos
637 1105 738 1165 etiam
758 1097 930 1178 homines,
955 1097 1104 1185 aprisca
1125 1097 1205 1163 fim-

96 1202 249 1294 plicitate
269 1196 387 1267 lenfim
411 1201 580 1290 delapsos,
611 1200 762 1291 pervafit.
829 1202 879 1269 Hi
899 1201 1071 1270 summum
1089 1199 1213 1273 Deum

97 1301 297 1392 augustioris
326 1303 513 1374 moliminis
544 1307 697 1393 templis,
734 1309 805 1369 eius
837 1305 941 1369 veluti
970 1306 1204 1382 internuntios,

95 1402 237 1484 beroae,
257 1404 434 1468 excellenti
447 1428 585 1472 morum
598 1412 745 1495 puritate
758 1407 880 1485 claros,
900 1405 1024 1471 sacellis
1037 1401 1205 1470 honorare

94 1517 290 1595 coeperunt.
348 1505 580 1595 Superstitioni
609 1514 776 1595 originem
803 1509 987 1596 praebuere
1012 1518 1204 1593 martyrum

66 1600 69 1605 ¹
93 1610 275 1698 reliquiae,
298 1613 450 1676 maxima
470 1633 547 1679 cum
562 1633 641 1675 cura
654 1609 848 1691 custoditae,
871 1621 904 1675 et
917 1615 954 1677 in
974 1614 1099 1697 σηκοῖς,
1123 1628 1202 1673 eum

94 1716 132 1781 ln
150 1710 256 1777 finem
276 1716 313 1776 in
331 1710 542 1799 templorum
562 1712 686 1777 receffu
705 1710 1081 1799 primumconllructis,
1103 1732 1204 1799 repo-

93 1812 185 1881 fitae.
236 1812 350 1878 Huius
370 1818 577 1906 antiquitatis
596 1813 743 1880 studiofis
769 1837 842 1879 rem
863 1835 933 1900 nou
961 1819 1127 1899 ingratam
1147 1832 1203 1876 me

92 1890 266 1983 famurum
279 1915 442 1995 arbitror,
469 1914 492 1980 fi
511 1922 569 1982 uni
593 1927 627 1983 et
646 1917 742 1981 alteri
759 1917 834 1982 loco
856 1906 921 1981 hac
940 1937 1043 2003 opera
1062 1935 1150 1981 mea
1157 1917 1205 1981 ci-

94 2015 311 2085 namfecero.
360 2023 540 2144 Εμοριίμο
553 2018 637 2085 Hist.
658 2018 783 2085 Eccles.
800 2015 843 2085 ΙΙ.
863 2041 890 2084 c.
911 2036 964 2086 111.
991 2019 1123 2087 ciborii
1109 2011 1205 2137 ἐμοῦ

89 2115 205 2205 Ιθόλου
225 2112 309 2213 προς
327 2114 369 2191 tol
389 2120 454 2215 iou
471 2115 636 2216 coaptabo
648 2125 720 2192 ἐστι
741 2146 857 2211 σηκος,
886 2121 975 2189 ἔνθα
994 2113 1038 2190 τοὶ
1053 2144 1203 2206 πακαγιοι

92 2221 151 2309 τῆς
165 2217 330 2317 μάρτυρος
349 2217 528 2295 ἀπόκειται
550 2222 726 2322 leimarus
707 2252 741 2296 er
759 2251 825 2293 τινι
840 2221 928 2340 σορῷ
946 2219 1009 2315 volu
1027 2216 1203 2312 ἐπιμὴκιον,

90 2352 227 2419 parona·
246 2327 331 2396 ἔνιοι
345 2324 509 2399 καλοῦσιν.
561 2327 656 2410 Quae
670 2327 731 2392 ult
707 2338 799 2408 nmo,
820 2319 1045 2418 prouocati,
1000 2351 1027 2394 κ.
1063 2323 1202 2390 obscura

93 2429 250 2495 videntur
266 2433 392 2526 Voleso
407 2441 440 2495 ct
458 2429 605 2502 medelae
625 2429 747 2514 indiga
797 2431 873 2516 Ego
895 2451 993 2508 vero,
1014 2426 1039 2491 fi
1060 2426 1096 2490 1d
1119 2426 1204 2491 alio-

90 2549 267 2601 rumeum
280 2532 470 2599 bonavenia
479 2531 580 2619 potiit
567 2531 674 2610 tfieri,
696 2531 764 2612 ista,
787 2557 919 2622 μοκραν
933 2533 1016 2601 ἔνιοι
1033 2526 1200 2615 καλοῦσιν,
1296 2582 1302 2588 .

92 2633 134 2701 ab
150 2632 434 2722 exscriptorelin
434 2645 568 2701 textum
592 2632 782 2699 introducta
799 2633 895 2698 suilla
917 2632 1043 2700 censeo.
1093 2629 1202 2699 Vide·

92 2737 207 2803 lieet
195 2757 249 2805 ιιι
244 2735 377 2802 Codice
398 2735 457 2801 Ιιιο
487 2734 618 2801 studiofi
643 2732 792 2803 hominis
821 2731 907 2799 hanc
935 2733 1200 2799 observationem

91 2849 279 2929 repererat,
301 2832 486 2931 μανδραν”
466 2832 735 2926 εκιοιῐκαλοῦοιν,
765 2859 864 2929 quae,
892 2837 1006 2928 quum}
1021 2835 1063 2900 ad
1082 2854 1200 2900 vocem

93 2932 191 3024 σηκὸς
201 2945 426 3028 pertinerent,
451 2940 621 3033 ineptulus
634 2938 691 3003 ille
714 2939 831 3003 leviter
843 2948 971 3004 mutata
990 2937 1102 3027 post’
1086 2929 1202 3025 coepel-

92 3068 154 3112 κων
174 3039 325 3107 inseruit.
377 3042 496 3109 Ubivis
516 3054 628 3112 autem
649 3035 786 3127 σηκόςιι
810 3041 1046 3108 Grammaticis
1066 3034 1198 3133 μακὸρα
1221 3044 1280 3108 156

93 3148 222 3231 exponi
236 3142 328 3209 solet.
380 3141 437 3209 Ad
452 3145 505 3224 id,
532 3143 622 3232 quod
642 3142 744 3208 modo
768 3140 965 3222 dicebam,
956 3163 992 3207 ιιι
1015 3139 1199 3213 Auecdotis

94 3250 306 3321 Muratorii
315 3246 461 3316 Carmen
486 3244 602 3314 XVII.
636 3249 798 3345 Gregorii
825 3249 1038 3320 Nazianzent
1070 3267 1199 3367 perop-

93 3358 280 3436 portunum
303 3346 365 3421 est:

173 3574 331 3698 ,ΙΙλμβος
349 3583 576 3671 δειμαμένοις,
606 3574 702 3664 σηκός
728 3572 968 3673 ἆεθλοφόροις’

140 3675 266 3755 Km'”
234 3709 255 3774 ρ
286 3710 318 3753 οι
309 3688 391 3772 ‘pir
411 3677 562 3776 γλυκερὴν
580 3682 641 3768 ἤδη
662 3678 754 3754 κόνιν
776 3675 1031 3777 οἷμφεβάλοντο,

153 3779 256 3857 Ων
278 3811 321 3854 ov
343 3813 494 3905 μακαιροι
516 3782 629 3876 δάμαρ
646 3780 855 3904 Ἀμφιλόχου
853 3785 975 3872 Λιβίὴ,

92 3881 317 3977 Κᾶλλιμὲ
316 3882 356 3958 ιλ
363 3884 469 3975 uibar
486 3882 657 3984 Εοφήμιε·
688 3915 763 3968 τους
781 3881 817 3956 δ
838 3881 1007 3976 ὑπόδιχθε

194 3985 420 4086 Μαρτυρες
397 3991 560 4086 ατρικίης,
586 4016 662 4072 τους
683 4018 702 4059 τ
735 3990 785 4060 ἔτι
802 3994 1019 4079 λειπομένους

91 4116 243 4187 Levibus
280 4121 419 4185 maculis
451 4118 588 4185 sublatis
618 4115 771 4206 adscripti
800 4122 1005 4208 epigramma
1047 4116 1090 4185 ad
1116 4123 1194 4180 etim
1323 4162 1328 4168 -

87 4221 250 4305 modrtm,
273 4244 342 4311 quo
353 4222 422 4311 legi
434 4222 553 4289 debere
567 4219 748 4288 videbatur.
1276 4220 1279 4225 “
