2700 4764
174 205 176 209 ‘
253 225 700 296 innormatum.
727 225 786 293 nr.
813 227 912 294 οιε.
938 227 984 293 x.
1102 232 1170 298 ιιι

52 422 95 488 ad
119 427 296 487 veritatem
315 417 478 487 accedere.
538 422 714 488 Plutarchi
734 417 875 497 locum,⁹
911 417 951 482 ab
975 419 1046 483 eliis
1070 426 1171 491 etiam

54 526 261 601 indicatam,
293 521 429 587 tandem
443 520 637 603 subtexam3
668 522 750 586 est
740 543 777 585 ru
811 519 942 600 (tuaest.
966 521 1026 587 Gr.
1054 523 1096 588 T.
1126 522 1168 589 II

53 652 91 718 p.
116 628 199 716 295.
221 625 279 689 ubi
300 647 374 689 eam
396 645 525 713 ponens
547 625 785 713 quaestionem:
848 628 935 715 Τίς
927 620 957 692 d
984 619 1171 718 δορτίξενος;

55 741 193 821 praeter
212 729 311 793 alia
301 750 338 791 ιιι
352 725 445 791 hunc
460 729 598 792 modum
617 728 746 793 scribit:
780 754 858 808 τους
883 720 919 797 δ
943 724 1173 817 ἁλισκομένους

56 830 179 926 λίτρον
200 859 236 903 τι
260 837 457 920 τεταγμένον
483 833 549 899 ἑδει
579 836 794 958 καταβαλεῖν,
827 839 884 901 καὶ
909 859 1006 902 τουτο
1026 827 1172 920 ἐλάμβα-

56 964 116 1009 νον
138 929 283 1056 σίφέντες
324 930 496 1052 πρότερον
519 938 552 1002 δὲ
576 929 633 1004 οὐκ
657 935 887 1050 εἰσέπραττον,
920 929 999 1005 άλλ
1023 930 1172 1023 ολαβάν

57 1035 282 1132 acyndinum,
309 1031 434 1126 άπῇγεν
458 1043 587 1119 οἴκαδε,
611 1046 666 1108 και
682 1033 845 1127 μεταδους
866 1035 952 1108 άλῶν
974 1047 1030 1108 καὶ
1055 1044 1172 1132 τραπέ-

58 1150 113 1230 ζης
135 1137 328 1230 άπὲπεμπεν
351 1146 471 1212 οἴκαδε.
524 1138 623 1230 ὁμὲν
648 1137 706 1212 οὖν
729 1171 770 1212 τα
763 1136 894 1235 λύτρα
927 1146 1063 1232 κομίσας
1095 1150 1172 1240 ἕπῃ-

57 1257 166 1336 νεῖτο,
189 1253 245 1315 καὶ
264 1247 363 1340 φίλος
384 1241 438 1315 άεὶ
463 1251 598 1316 διετέλει
619 1247 678 1317 τοῦ
703 1242 881 1336 λαβόντος,
905 1250 940 1315 ἐκ
966 1243 1172 1338 δορυάλυίτου

58 1345 231 1444 Δσριίξενσς
256 1346 582 1440 προσαγορευόμενος.
619 1349 849 1439 Antiquioris,
869 1373 970 1437 quem
992 1352 1038 1415 ibi
1053 1351 1174 1439 -sequi-

58 1467 116 1521 tur
136 1459 306 1527 Patarea
326 1459 472 1518 auctoris
495 1454 594 1519 verba
616 1453 751 1519 fortasse
772 1455 977 1523 Ammonius
996 1454 1093 1519 nobis
1116 1471 1249 1519 re-201

58 1557 256 1647 praesentat.
307 1551 365 1620 Ad
378 1554 464 1620 hanc
478 1542 579 1621 etiam
592 1579 663 1621 reru
679 1569 872 1643 opportuna
884 1569 977 1622 notat
985 1554 1175 1651 Ηρίμολίω

60 1666 96 1725 in
109 1664 308 1751 Αορυξένους.
355 1659 401 1723 Et
426 1657 508 1723 haec
523 1661 657 1746 quidem
672 1657 840 1726 hactenns.
892 1658 1173 1749 Quandoquidem

60 1776 174 1829 autem
195 1769 232 1826 in
254 1763 484 1827 Grammatico
504 1762 698 1826 illustrando
719 1761 904 1840 versamur,
926 1768 1020 1848 prius
1034 1764 1116 1827 nolo
1130 1763 1172 1827 ab

62 1864 128 1933 boc
148 1866 227 1933 loco
248 1864 429 1944 discedere,
463 1887 564 1955 quam
585 1864 727 1952 paucula
751 1863 792 1928 de
815 1863 876 1928 usu
896 1870 986 1930 vocis
1009 1860 1173 1953 Πρόξενος

63 1990 238 2034 monuero.
295 1963 461 2062 Πρόξενος
482 1968 663 2031 secundum
684 1968 799 2037 Amm.
823 1962 948 2048 πόλεως
968 1975 1023 2037 καὶ
1041 1970 1171 2050 ἔθνους.

65 2067 247 2165 Πρόξενοι,
285 2083 341 2152 ut,
383 2094 466 2158 quae
487 2094 506 2134 a
528 2070 766 2135 Grammaticis
787 2070 982 2150 traduntur,
1021 2073 1174 2141 universa

65 2176 288 2263 complectar,
318 2175 472 2240 homines
489 2173 684 2239 dicebantur
698 2179 840 2262 privati,
882 2174 1002 2262 quibus
1016 2181 1051 2239 in
1065 2182 1175 2263 patria

10 2280 13 2351 ξ
65 2279 147 2342 urbe
166 2277 363 2362 degentibus
386 2275 614 2342 honorificum
635 2275 776 2364 hospitii
797 2278 849 2341 iu's
873 2300 950 2341 cuni
966 2278 1028 2343 asia
1044 2284 1174 2343 civitate

62 2381 247 2466 publicitus
266 2380 505 2445 intercedebat:
538 2377 591 2443 his
615 2381 652 2444 id
671 2387 820 2447 muneris
842 2391 912 2444 erat
928 2387 1108 2469 praecipue
1121 2385 1175 2447 in

62 2485 236 2562 iunctum,
258 2494 296 2546 ut
311 2483 424 2547 sedulo
439 2482 683 2569 prospicerent,
708 2483 846 2572 nequid
865 2483 1001 2569 publica
1015 2483 1105 2548 istius
1127 2490 1175 2549 ci-

62 2590 177 2650 vitatis
199 2608 253 2649 res
275 2610 294 2650 a
316 2585 441 2650 civibus
465 2583 531 2648 suis
556 2597 688 2672 caperet
709 2584 917 2663 detrimenti,
943 2584 1069 2670 legatos
1082 2586 1176 2654 illinc

59 2693 233 2753 venientes
249 2688 397 2777 hospitio
414 2693 623 2775 exciperent,
645 2689 684 2753 ad
700 2688 869 2774 populum
885 2687 1099 2767 deducerent,
1121 2701 1174 2752 ut<

58 2812 131 2879 que
151 2795 195 2854 iis
217 2792 300 2857 bene
322 2792 414 2870 esset,
448 2802 678 2877 procurarent.
698 2794 803 2860 Sobel.
821 2792 986 2881 Demosth.
999 2790 1040 2854 ad
1054 2791 1176 2879 Lepti-

57 2912 166 2958 neam
189 2917 224 2982 p.
248 2896 331 2985 371.
357 2889 542 2983 Πρόξενος,
583 2889 602 2965 ὁ
636 2887 695 2962 τάν
727 2887 796 2963 άπό
822 2891 921 2977 ἄλλης
945 2887 1069 2974 πόλεως
1097 2888 1176 2973 σίνα-

56 2990 255 3087 δεχάμενος,
293 3006 350 3068 καὶ
379 2992 547 3090 προσόδου
585 2999 764 3092 φροντίζων
792 2995 849 3081 τῆς
874 2993 958 3088 πρός
981 2991 1040 3067 τάν
1072 2997 1178 3085 δῆμον

58 3094 180 3169 αὑτοῦ.
204 3101 296 3190 quod
328 3100 490 3167 Scholion
524 3106 637 3167 minus
669 3101 841 3166 emendate
874 3102 977 3166 edidit
1020 3102 1176 3196 Wofius.

61 3207 257 3274 Erotium
279 3210 317 3269 in
335 3205 423 3270 Lex.
445 3211 612 3299 Hippoor.
640 3207 834 3299 Προξένους]
860 3201 965 3286 Οίίτως
988 3201 1121 3277 ἐκάλουν
1143 3210 1176 3277 σί

60 3312 211 3379 παλαιοί
238 3302 314 3388 τούς
344 3313 380 3379 ἐν
403 3309 520 3390 ἄλλαις
556 3304 676 3381 πόλεσι
701 3316 875 3398 μένοντας,
910 3317 966 3379 καὶ
996 3309 1040 3391 είς
1069 3312 1177 3394 ξενίαν

61 3413 316 3501 διαδεχομένους
337 3410 461 3500 (malm
484 3409 631 3503 ὑποδεχ.)
651 3420 705 3482 καὶ
726 3416 960 3508 φροντίζοντας
983 3417 1086 3506 φίλων
1108 3421 1178 3502 μὲν,

62 3507 124 3583 οὐκ
149 3515 253 3584 ὄντων
276 3519 311 3583 δὲ
337 3515 488 3586 πολιτῶν.
541 3518 680 3581 Publica
703 3523 898 3581 auctoritate
914 3515 1107 3582 constitutor
1120 3515 1178 3578 de

63 3617 174 3682 clarat
199 3616 316 3683 diversi
345 3625 473 3706 generis
501 3643 628 3687 nomen
660 3615 950 3712 Ἐθελοπρόξενσς,
992 3643 1011 3683 a
1035 3621 1179 3700 Polluce,

64 3725 182 3791 Surda
202 3733 236 3787 et
261 3720 428 3816 Hesychia
446 3723 645 3811 expositum.
717 3723 811 3803 Quae
832 3724 977 3788 aliorum
1000 3720 1179 3787 observatis
1235 3778 1241 3787 .

66 3824 192 3903 adieci,
212 3829 357 3898 &udam
369 3826 495 3891 habent
506 3837 677 3893 auctorem
691 3832 728 3890 in
742 3820 924 3907 Ἰδιόξενσς.
937 3823 998 3889 ubi
1012 3820 1180 3917 Πρόξενον

68 3924 201 3991 dietum
224 3927 322 3993 fuisse
338 3930 456 4045 tradit,
490 3921 619 4021 παρ’
603 3923 630 3994 ὦ
653 3934 708 3996 καὶ
734 3935 766 3998 οἱ
789 3933 941 4020 πρέσβεις
971 3923 1179 4018 κατάγονται

72 4034 126 4096 καὶ
145 4027 305 4118 προσάγει
331 4027 391 4113 τάς
415 4033 596 4123 πρεσβείας
622 4058 750 4112 ουτος
740 4058 824 4124 προς
846 4059 886 4101 το
880 4026 1089 4123 δημόσιον,
1124 4038 1182 4101 καλ

75 4126 119 4199 τά
141 4134 228 4204 ἄλλα
250 4138 368 4207 διοικεῖ
382 4143 439 4205 καὶ
460 4129 599 4228 πράττει
621 4135 709 4222 (lege
729 4130 926 4227 διαταράττει
947 4159 991 4201 ex
1011 4134 1085 4201 MS.
1099 4138 1191 4207 Lm.
1242 4138 1247 4145 ’

81 4238 178 4332 deafi)
159 4238 302 4322 )ἐν
262 4266 303 4337 τη
327 4244 463 4334 πατρίδι
489 4267 530 4336 τη
556 4238 673 4311 ἑαυτοῦ
696 4232 742 4310 τά
763 4237 804 4338 τῆ
828 4233 1046 4332 adiectuim
1069 4137 1272 4486 δνιᾴκ

920 4400 1086 4486 ,ἢ
1200 4434 1203 4441 .
