2700 4764
356 266 385 335 χ
444 249 844 320 ruaualrro
1157 277 1195 320 n

73 414 297 528 respondit,
333 452 372 500 ea
413 423 558 498 demum
592 453 676 498 cum
715 427 810 498 bona
845 422 954 524 ipsura
993 424 1091 499 venia
1131 426 1193 499 hic
1299 439 1302 457 '

93 530 288 630 deponam,
327 556 417 631 quae
453 529 498 600 ad
537 527 635 600 hunc
670 530 792 601 locum
831 528 983 599 maxime
1015 529 1193 627 pertinere

92 657 236 731 queant.
292 634 347 706 En
370 635 499 731 ¹itaqua
529 630 584 705 cl.
617 632 762 705 Duker-i
788 632 909 706 v'erba:
948 632 1079 724 „Auni
1112 630 1193 706 suut

90 765 196 830 „uon
220 740 336 810 multo
363 737 480 807 minus
502 725 629 827 XXX,
658 761 769 832 quum
793 735 951 831 cogitans
977 761 1034 806 me
1059 733 1193 808 studio·

90 839 164 933 „lis
187 840 328 940 liuguae
351 843 509 914 Graecae
534 865 610 912 rem
640 865 713 911 non
745 837 916 932 ingratam
943 842 1139 929 facturum,
1165 836 1192 911 fi

88 942 387 1042 „l'lrryniclrum,
418 941 689 1035 ¹Ammonium,
737 939 966 1033 Eroliauum,
1012 939 1192 1015 Thomam

89 1044 218 1142 „Mag
261 1069 296 1119 er
329 1045 611 1144 Moschopulum
646 1070 720 1116 uno
755 1044 954 1136 volumine,
994 1071 1069 1140 quo
1101 1043 1192 1117 mihi

88 1149 288 1239 „concludi
332 1149 429 1250 polle
472 1170 549 1219 tum
587 1145 820 1230 videbantur,
867 1145 1031 1238 ederem,
1078 1145 1192 1219 unum

87 1252 343 1352 „altarumque
369 1252 525 1324 mensem
547 1251 745 1322 Ammonio
778 1248 1000 1348 impendier
1028 1249 1066 1320 in
1089 1250 1195 1322 char·'

89 1374 189 1447 „tam
215 1354 373 1449 conieci,
395 1380 486 1454 quae
513 1350 559 1424 ad
586 1379 669 1425 eum
691 1350 941 1423 illustrandum
967 1351 1046 1424 usui
1072 1348 1191 1428 futura

89 1457 322 1550 „credebam
357 1456 419 1531 Ad
443 1455 623 1530 Thomam
648 1456 719 1526 iam
742 1476 823 1527 ante
847 1453 991 1551 sparlim
1014 1450 1192 1555 quaedam

87 1559 391 1654 „adnotaveram
438 1559 484 1632 ad
525 1556 772 1657 l'hrynichum
808 1579 926 1629 autem
965 1586 1037 1631 non
1078 1559 1196 1632 multa·

88 1661 197 1760 „post
222 1661 397 1735 Nuouelii
423 1661 646 1758 diligentiam
671 1659 980 1736 animadvertenda
1004 1661 1191 1759 l'upercll'e,

88 1785 156 1858 „et
183 1765 220 1836 iu
245 1765 416 1839 Erotiauo
440 1792 481 1837 ac
506 1761 746 1861 Mol'chopulo
774 1763 844 1835 levi
867 1789 975 1861 opera
997 1762 1192 1862 defungen-

88 1865 211 1963 „dum
236 1865 303 1941 elle
326 1868 529 1940 arbitrabar.
572 1864 646 1937 Sed
668 1893 740 1964 quo
766 1866 884 1938 minua
909 1886 985 1936 tum
1007 1865 1079 1939 hor.
1093 1894 1190 1939 con·

87 1968 238 2063 „filium
275 1970 498 2068 exsequerer,
539 1969 606 2041 alia
639 1996 682 2041 ex
721 1968 799 2040 aliis
835 1967 1110 2067 impedimenta,
1155 1991 1190 2044 ct

87 2102 189 2171 „nou
219 2072 377 2168 provisae
418 2100 506 2146 occu
535 2072 670 2144 oriones
705 2071 983 2152 imorcelleruut.
1016 2071 1191 2167 Deinde,

83 2203 250 2272 ‚,quum‚
278 2175 465 2275 postquam
497 2102 704 2247 'lraiectum
734 2199 916 2266 veneram,
952 2175 1191 2272 cognovill'em

85 2279 322 2372 „Sallierium
358 2301 393 2353 et
428 2278 597 2353 Sevinum
640 2299 781 2377 paratos
817 2276 1110 2374 conscriptosque
1149 2279 1192 2354 iu
1225 2373 1238 2387 .

86 2382 364 2482 „Phrynichum
414 2404 449 2455 et
499 2380 681 2480 Thomanr
726 2382 1002 2467 commentarios
1046 2380 1189 2475 habero,

46 2484 49 2497 ‘
86 2511 275 2584 „quorum
310 2483 614 2578 inspiciendorum
648 2483 790 2581 copiam
823 2482 915 2555 mihi
942 2506 1021 2558 aute
1052 2485 1191 2582 aliquot

88 2615 231 2681 „annos
256 2586 341 2661 fecit
366 2587 572 2686 Bibliopola
587 2583 781 2684 ‘Hagieufis
802 2585 841 2661 P.
867 2585 912 2658 de
936 2585 1082 2680 Hondt,
1115 2615 1189 2659 me·

90 2719 194 2790 „que
228 2719 315 2766 vana
348 2688 421 2790 spe¹
450 2687 639 2789 promillae
678 2688 881 2762 collationis
920 2689 1039 2764 Codd.
1076 2691 1188 2764 MSS.

89 2793 293 2891 „Herennii
310 2790 491 2883 Philonis,
518 2791 636 2889 quiin
661 2789 835 2863 Bibliorla.
862 2791 945 2890 Reg.
970 2791 1077 2865 Paris.
1097 2792 1189 2887 suut,

87 2895 211 2991 „duci
245 2890 422 2988 riderem,
459 2914 577 2968 totum
612 2890 799 2967 confilium
838 2915 874 2968 et
913 2895 1115 2989 Ammouii,
1153 2916 1189 2969 et

86 3021 337 3094 ,‚ceterorum,
369 3024 460 3097 quos
492 2995 586 3090 dixi,
625 2993 848 3070 edendorum
876 2999 998 3072 abieci.
1049 2997 1102 3070 Ex
1129 2999 1187 3072 hia

87 3101 306 3199 „intelligis,
330 3129 440 3199 quam
465 3126 523 3173 me
549 3129 623 3175 non
648 3099 766 3173 invito
791 3144 844 3164 *-
868 3129 1014 3173 manum
1040 3103 1188 3177 Ammo·
1291 3134 1298 3153 ⁸

86 3203 181 3304 „uio
213 3203 506 3298 admoveas,·et,
540 3202 685 3302 quoda
711 3229 769 3274 me
795 3229 861 3301 pro
888 3203 1060 3277 derelicto
1086 3204 1215 3282 habi.

86 3329 195 3403 „tum
230 3305 296 3399 est,
328 3332 482 3406 occupes
516 3333 556 3377 ac
588 3305 673 3377 Tibi
705 3303 874 3396 vindices.
935 3307 1032 3392 Quin
1067 3308 1188 3406 potius

86 3409 171 3505 „Te
203 3410 349 3502 hortor,
384 3428 441 3499 ut,
472 3435 545 3509 quo
574 3407 722 3508 coepisti
748 3408 860 3506 pede,
894 3436 1036 3507 pergas,
1073 3437 1113 3481 ac
1141 3408 1187 3483 de

84 3511 295 3608 „omnihus,
317 3511 448 3608 quihus
469 3511 626 3584 studium
647 3511 830 3583 literarum
853 3508 1063 3583 Graecarum
1084 3511 1187 3584 cordi

12 3652 16 3657 ·
86 3613 185 3711 „est,
228 3614 410 3687 utilillimo
449 3614 575 3686 libello
613 3611 822 3686 illustrando
869 3614 960 3685 bene
1009 3616 1186 3689 merearis.
1281 3637 1298 3677 ‘-

85 3716 311 3816 ,‚Specimeu
363 3737 593 3816 utrarumque
642 3713 996 3790 Animadverlionum
1045 3737 1186 3794 tuarum

87 3817 221 3914 „valde
254 3820 417 3915 placet,“
464 3839 529 3891 etc.
572 3838 638 3890 eac.
704 3818 799 3890 Sub,
820 3817 892 3892 hoc
928 3840 1025 3894 tauto
1064 3821 1187 3917 iudice

85 3922 196 3994 facile
217 3941 332 4014 tutus,
366 3920 595 4021 opusculum,
623 3919 718 3994 varia
744 3921 829 3994 licet
853 3920 1055 4000 valetudine
1081 3923 1187 3997 iacta·

87 4035 180 4118 tus,
206 4020 350 4100 tandem
382 4045 499 4097 tamen
536 4024 667 4122 peregi.
727 4022 834 4097 Nunc
866 4023 903 4097 iu
942 4052 1023 4100 eum
1063 4024 1186 4102 locum

90 4125 236 4221 deveni,
275 4155 348 4225 quo
392 4127 429 4200 in
471 4125 587 4200 libelli
632 4125 741 4204 uestri
782 4149 979 4221 auctorem,
1025 4127 1186 4226 scopum,

90 4251 199 4330 atque
218 4231 426 4332 parilitatem
456 4230 551 4305 foret
583 4229 858 4330 inquirendum,
901 4227 965 4307 sed
1001 4227 1197 4317 materiem
