2700 4764
337 240 488 301 ποετ
527 229 940 298 ΠΝΕνΜΑνοΝ.
1047 302 1053 308 .
1124 230 1185 291 σοι

84 407 124 486 τό
141 416 254 502 μέντοι
264 405 467 499 Ἷξαλος,
448 402 673 502 οόρμητικός.
698 411 754 477 καὶ
775 398 861 495 ἰξός,
900 401 932 475 εΙ
952 407 1007 476 καὶ
1032 393 1100 475 α’πό
1124 402 1186 477 τοῦ

83 516 154 601 ’ίξαι
183 522 324 605 γε’γονεν,
358 504 470 582 α’λλ’
459 509 545 600 όμοις
566 510 738 628 ψιλοῦιαι.
765 503 924 590 πολλάκις
946 501 1010 635 γορ
1034 535 1054 591 η
1080 536 1201 599 παρα·
1205 534 1266 597 ¹29

82 649 168 711 γωγη
199 625 319 690 εἴωθεν
354 610 533 687 οίλλοίσσειν
566 623 629 685 καὶ
654 609 693 686 το
727 612 864 729 πνεῦμα.
896 606 938 692 ὠς
966 616 1001 680 ἐν
1032 609 1078 706 τῷ
1105 610 1187 742 ἅμα,

81 724 210 811 ἄμυδις.
250 716 353 812 Ιδίω,
388 716 546 812 Ιδρώς.ι
533 718 608 810 ίξω,
641 713 718 802 ιξός.
759 711 852 807 όδός,
892 708 1055 795 όδυοσεός.
1104 720 1197 867 εΙρω,

81 823 214 922 ΕΙρμός.
242 831 350 920 εἴργω,
377 819 507 916 Εἱρκτό.

191 949 239 1025 Τό
259 946 365 1044 Ιπρο
386 951 445 1022 666
474 943 733 1066 οψιλοῦται’
709 951 769 1019 αεί.
802 942 889 1038 οἷον,
914 941 1070 1036 Ιοβιανός.
1093 941 1200 1037 ιὀβοίι

81 1086 147 1144 της.
167 1055 290 1139 ι’όλαος.
314 1051 474 1180 ιὀρδοίνης.
499 1055 593 1143 Ἴον,
616 1047 655 1123 τό
681 1053 798 1170 ἄνδρα
825 1045 959 1140 Ἰοθόρ,
983 1045 1001 1119 6
1025 1045 1194 1179 πενθερός

83 1159 144 1234 τοῦ
175 1166 340 1242 Μωΰσέος.
373 1156 517 1243 ιὀκοίστη.
548 1153 606 1236 ἰός.
639 1163 695 1226 κοίλ
725 1150 768 1227 τό
796 1150 909 1224 λοιποί.
939 1150 1045 1243 ζητει,
1069 1149 1128 1224 εὀὶν
1148 1149 1208 1225 τό-Ι

81 1259 148 1346 Ιος
175 1260 309 1394 ε’λὴρθη
339 1270 396 1333 καὶ
422 1260 466 1344 είς
496 1257 535 1332 τό
562 1265 666 1349 βέλος
700 1254 739 1330 οὗ
773 1254 837 1376 γρίρ
873 1251 969 1349 εὗρον
1008 1252 1189 1341 διαστολην

81 1362 204 1440 τούτου
227 1375 261 1437 ἐν
286 1373 353 1447 τοῖς
377 1374 453 1459 περὶ
476 1359 677 1453 πνευμάτων.
711 1357 836 1455 παρα
833 1365 943 1431 μέντοι
973 1367 1043 1440 τοῖς
1070 1365 1213 1431 Νεωιὲι-

82 1499 154 1565 ροις
189 1479 430 1563 Γρομμαεικοις
460 1478 517 1538 καὶ
548 1463 771 1555 δασυνόμενον
805 1463 901 1534 τοῦτο
934 1467 1133 1557 κατέλαβον,
1155 1468 1194 1539 ἐκ,

82 1573 142 1647 666
159 1573 261 1664 ἵημι,
274 1568 315 1644 τό
335 1578 468 1662 πέμπω,
493 1578 549 1642 καὶ
573 1567 779 1668 ιγιλοομευον
798 1573 832 1636 ἐκ
853 1565 914 1638 τοῦ
937 1565 1089 1637 ἰυῦσθαι.

95 1732 98 1737 ·
128 1710 133 1715 ’
188 1696 234 1773 Τό
261 1710 280 1773 Ι
307 1694 372 1794 προ
394 1698 455 1770 606
477 1706 533 1780 Π,
565 1693 636 1778 ἑνός
660 1699 772 1788 ὄντος,
802 1695 971 1793 ψιλοῖπαι.
1000 1694 1122 1785 ’'16666,
1149 1688 1188 1766 το

81 1800 227 1896 βλοίπιω.
246 1807 380 1886 Ἴπνος,
405 1798 590 1921 όιγρῦρνος.
616 1800 731 1892 Ἴπος,
756 1796 776 1885 ἡ
801 1808 899 1923 παγΙς
920 1798 985 1868 τόν
991 1798 1106 1926 μυῶν.
1132 1792 1199 1870 κοιΙ

10 1898 14 1905 ¹
75 1904 185 2000 ἸνΙες,
209 1913 241 1979 σί
264 1904 425 1991 σκώληκες.
455 1899 526 1974 6666
551 1899 700 1986 πτώσεως
721 1907 938 1992 σεσημείωται
959 1898 998 1971 τό
1008 1899 1189 1992 Ἰπταμαι,

80 2008 311 2101 δασυνόμενον.
341 2006 461 2080 Δισσοῦ
492 2008 575 2076 δὲ”
555 2036 650 2089 οντος
672 2003 859 2078 δασόνεται.
891 2002 961 2077 οἷον
972 2002 1106 2087 “’.Ιππος
1134 2010 1196 2075 καὶ·

81 2145 126 2187 τα
118 2111 185 2199 Ιξ
208 2107 314 2183 αὐτοῦ
337 2112 537 2232 συγκείμενα.
567 2107 703 2182 Ιππεόω.
728 2100 893 2192 Ιππεός.
882 2113 1006 2209 ιππίοις.
1032 2103 1191 2229 Ιπποκρσί-Ι

80 2247 147 2303 της.
185 2211 339 2300 Ιππόναξ.
381 2208 599 2304 Ιππόκομος,
640 2212 660 2285 6
689 2212 752 2285 τῶν
782 2241 893 2285 ιππων
929 2198 1205 2305 ἐπιμελούμενος..

80 2313 272 2416 Ιππηλοίτης.
295 2313 540 2403 Ιππηλοίσιον.’
527 2345 725 2407 ιππομανης.

183 2441 230 2519 Τό
262 2454 287 2519 Ι
314 2439 379 2563 προ
410 2445 472 2517 666
496 2453 529 2516 Ρ
542 2444 716 2574 ψιλορται.
760 2437 905 2573 τιΙρος,
885 2475 904 2517 ο
927 2418 1061 2538 πτωχός.
1094 2438 1191 2540 Ιρις,

81 2580 120 2622 το
110 2544 248 2637 τόξον.
279 2543 365 2634 πλην
389 2548 452 2668 τόν
482 2540 550 2618 6666
577 2543 662 2642 ἱερός
688 2556 862 2640 γινομένων
884 2543 968 2619 6666
989 2547 1109 2666 κρᾶσιν
1131 2547 1192 2621 τοῦ
1269 2634 1272 2641 Ι

81 2660 161 2724 ικαὶ
182 2682 197 2724 ε
220 2651 264 2733 εἰς
287 2680 299 2720 ι
322 2646 460 2745 μακρόν.
487 2645 557 2722 οἷον
578 2646 720 2743 “1666‚
703 2683 721 2723 ο
744 2649 837 2747 ἱερός.
863 2648 995 2748 Ιρεῑον,
1021 2683 1060 2724 το
1054 2650 1189 2766 δόμα.
1228 2661 1237 2670 ”

70 2746 183 2850 Ἵρηξ,
215 2751 236 2825 6
268 2756 365 2847 ἱέραξ.
397 2763 478 2834 τινὲς
447 2759 544 2823 Ιδὲ
571 2751 764 2849 παραλόγως
798 2757 940 2853 ψιλοῦσι
973 2751 1015 2827 τοί
1038 2757 1189 2853 τοιαυτα,

80 2855 271 2949 λέγουτες“’
251 2883 305 2928 οτι
339 2852 382 2929 τοί
413 2863 612 2979 συγκοπέντα
635 2854 720 2929 κατοί
745 2859 877 2942 Αἰολεῖς
898 2861 1087 2959 ψελοῦνται.
1118 2856 1189 2957 οἷον

78 2960 241 3056 ὥρμησεν,
267 2952 396 3053 Ωρσεν.
436 2956 604 3050 οἷρμόσας,
626 2962 751 3056 Αροας.
789 2959 871 3057 πρός
895 2965 950 3046 οὓς
968 2966 1057 3053 ἔστιν
1078 2964 1189 3055 εἰπεῖν,

80 3065 133 3138 ὅτι
161 3066 237 3136 οὔτε
269 3057 308 3133 το
335 3061 484 3188 ὥρμησεν
502 3070 630 3185 ἐγένετρ
662 3061 747 3136 κατοὶ
765 3065 939 3156 συγκοπην
967 3063 1085 3160 ὦρσεν,
1112 3067 1190 3139 οὔτι

79 3165 118 3241 τό
144 3162 313 3262 οίρμόσας,
347 3167 459 3297 όίρσας.
488 3162 630 3236 ἄλλο’
606 3164 676 3238 απο
703 3168 763 3241 666
783 3170 890 3264 Ὄρω,
922 3166 960 3244 το
984 3163 1188 3263 διεγείρω,ό

78 3277 200 3393 μέλλων
231 3264 312 3365 όρῶ,
339 3277 395 3341 καΙ
424 3268 638 3352 Αιόλικῶς
618 3297 714 3365 ορσοι.
757 3282 813 3342 κοιΙ
835 3275 933 3367 Ἄρω,
973 3270 1012 3346 το
1047 3270 1188 3392 οίρμόζω,

77 3371 163 3468 οίρῶ,
193 3382 249 3443 καΙ
276 3368 484 3455 Αίολικῶς”
460 3401 558 3468 αρσω.
583 3368 625 3444 τοο
652 3374 790 3447 τοιαῦτα
816 3377 995 3475 φιλοῦνται
1010 3374 1187 3467 γινόμενοι.

78 3507 153 3550 ουτε
177 3505 244 3566 μην
270 3471 310 3546 τό
335 3471 405 3591 ἱρός
434 3485 488 3547 καὶ
514 3485 614 3571 Ιρειον
644 3487 698 3548 καὶ
729 3478 802 3572 ’ίρηξ
825 3476 1049 3564 συνεκόπησαν
1075 3479 1189 3552 Αιολι-

76 3581 156 3665 κῶς,
184 3573 270 3651 ἄλλο
303 3578 422 3673 κροῖσιν
453 3583 588 3681 ἔπαθον
621 3580 681 3653 τοῦ
707 3589 799 3657 ικαὶ
833 3611 848 3653 ε
878 3608 921 3664 εις
948 3609 978 3675 ι,
1012 3579 1056 3665 ιδς
1074 3589 1109 3654 εν
1139 3580 1186 3679 τῶ
1204 3590 1267 3652 260

76 3685 172 3781 ὄφιες
196 3683 274 3779 ὄφις
295 3685 385 3754 ἔστιν
412 3680 525 3778 εὑρεῖν.

184 3806 232 3883 Το
260 3818 284 3882 Ι
295 3805 375 3940 πρό
402 3811 462 3883 τοῦ
492 3819 539 3901 Σ,
572 3812 605 3885 εΙ
627 3842 674 3903 μη
703 3809 744 3886 το
772 3820 838 3886 T
821 3809 998 3906 εποίγοιτο,
1022 3782 1187 3912 ψιλοῦταο

75 3907 137 3985 οίεί.
155 3906 263 4003 Ἰσος,
285 3909 445 4003 όόμοιος.
459 3916 610 4009 Ἴσις,”
590 3947 695 4008 ονομα
718 3919 814 4001 θεοῖς.
842 3919 1044 4013 ισίδωροςῧ
1028 3925 1186 4010 ισμηνίας.

74 4013 206 4107 ἰσμαηλ.
238 4012 408 4109 Ἰσποινία,
435 4015 537 4115 χώρα.
568 4019 669 4112 ἰσχάς.
694 4021 807 4114 ἰσχίον.
834 4017 952 4114 ἰσχνός.
977 4019 1097 4115 ισχός.
1102 4050 1140 4091 ει
1124 4020 1186 4089 δλ

73 4117 233 4211 εποίγοιτο
257 4116 296 4193 τό
327 4129 370 4214 Τ,
392 4119 577 4195 δασύνεται
598 4124 739 4253 Ἵρτωρ,
766 4122 1014 4252 όέπιστημρεν.
1042 4125 1183 4212 ἱστορία.

73 4218 245 4327 Ἱστιαῖος,
261 4219 380 4320 κόριον
398 4223 522 4322 ’Ἰσμα,
543 4223 588 4305 το,
602 4235 732 4320 κτίσμα.
754 4228 878 4324 Ιστημι.
900 4227 1001 4312 ἱστός.
1022 4221 1205 4325 Ιστοίριον.-
