2700 4764
445 244 851 310 PRAEFATIO.
1113 274 1205 317 mv

98 419 260 510 constet,
303 417 344 489 in
380 415 593 489 interiorem
627 416 775 513 liuguae
813 417 976 492 indolem
1009 441 1046 493 et
1081 448 1205 497 reram

99 548 234 597 vocum
255 520 438 619 originem
462 518 612 615 reliquie
636 520 890 594 Grammaticis
910 522 1079 615 omnihus
1102 527 1205 624 iguo-

99 646 210 699 ratam
244 621 324 713 ¹sese
358 620 593 721 penetravisle
624 622 876 697 Ammonium.
952 626 1028 699 Sed
1054 655 1104 703 ne
1133 657 1209 706 me.

92 730 210 803 liores
241 725 431 799 Ammouii
464 723 733 799 observationes
764 723 913 825 seligere
946 731 1041 803 velle
1069 730 1206 827 videar,

99 857 177 903 non
202 831 359 903 alienum
384 827 550 919 videtur,
582 824 1020 928 fipaucircomplectar,
1044 835 1135 931 quid
1159 835 1206 911 de

97 930 265 1005 universa
289 929 473 1005 scribendi
496 930 634 1003 ratione
654 927 817 1004 sentiam.
852 933 992 1007 Ouines
1016 937 1207 1011 Ammonii

92 1030 367 1109 observationes
390 1031 530 1133 pollent
552 1034 591 1105 in
613 1032 736 1106 claffes
758 1032 931 1132 dispesci,
957 1063 1108 1133 quarum
1135 1041 1205 1114 hae

97 1138 221 1211 minuo
244 1142 384 1228 bonae,
411 1136 502 1209 aliae
528 1135 669 1233 magis.
736 1136 812 1210 Sed
839 1137 912 1212 hoc
937 1140 1062 1213 labore
1085 1142 1207 1238 super.

93 1238 297 1315 sedendum
318 1238 475 1314 videtur.
533 1237 621 1311 Istas
644 1239 865 1312 differentias
892 1238 969 1314 fine
992 1246 1205 1340 exceptione

94 1370 199 1429 veras
238 1364 276 1417 et
298 1363 399 1417 certa
418 1341 560 1415 ratione
582 1342 651 1413 niti
665 1340 857 1436 existimo,
906 1372 997 1442 quas
1027 1348 1085 1419 vel
1111 1374 1205 1420 uuus

94 1472 139 1519 ex
161 1445 329 1545 antiquie
357 1443 596 1545 scriptoribus
629 1442 785 1519 idoneus
819 1445 1074 1522 observaverit.
1132 1451 1203 1523 Eae

93 1547 328 1649 potislitnum=
365 1550 502 1645 probo,
543 1570 637 1644 quar.
671 1545 832 1620 adducto
869 1551 1000 1623 veteris
1036 1554 1203 1625 auctoris

92 1652 302 1725 testimonio
341 1650 575 1725 confirmavit
614 1649 845 1723 Ammonius.
915 1651 1005 1724 Eam
1045 1655 1083 1725 in
1124 1681 1204 1729 rem

93 1753 266 1827 Homero
289 1752 592 1853 srequentillime,
615 1774 652 1825 et
672 1750 878 1826 Menandro
900 1750 1004 1847 usur,
1025 1757 1071 1825 ab
1083 1754 1206 1829 Histo-

92 1856 202 1949 ricis,
223 1854 435 1949 Herodoto,
462 1854 705 1955 Thucydide,
736 1854 989 1953 Xenophonte
1018 1882 1093 1928 nou
1123 1859 1204 1932 aba·

91 1960 225 2052 tinuit,
277 1958 450 2033 Oratores
479 1959 610 2050 etiarn,
641 1956 929 2056 Antiphontem,
946 1959 1202 2055 Dinarchum,

91 2060 314 2135 Aeschinem
334 2061 538 2134 advocavit.
590 2060 780 2134 Platonem
802 2061 967 2157 excipio,
991 2089 1088 2157 uam,
1113 2091 1202 2163 quaa

93 2190 137 2237 ex
168 2164 335 2237 Platoni·
367 2162 567 2261 Protagora
596 2162 785 2261 produxit·
804 2165 1001 2237 verborum
1035 2164 1204 2238 differen-

93 2268 179 2355 tiae,
203 2282 285 2340 'non
319 2292 363 2340 ex
392 2267 506 2339 animi
532 2266 708 2339 sententia
741 2266 881 2364 scripsit
910 2265 1033 2359 Plato,
1068 2265 1132 2343 sed
1158 2296 1201 2343 ex

91 2371 248 2469 persona
261 2368 445 2460 -Prodici,
482 2389 524 2443 ut
549 2367 723 2469 superbas
754 2368 1007 2467 Sophislarum
1045 2370 1199 2467 ineptiae

92 2472 265 2545 omnibns
299 2469 520 2547 deridendos
554 2493 772 2571 exponeret,
814 2498 885 2568 qua
924 2472 1034 2544 etiam
1071 2470 1134 2546 de¹
1159 2500 1198 2547 re

70 2576 170 2647 dixi
199 2576 239 2647 in
271 2573 472 2648 Animadv.
504 2574 554 2650 ΙΙ.
578 2603 612 2648 c.
635 2600 688 2651 vr.
713 2574 766 2645 Ea
791 2595 932 2665 autem,
974 2601 1068 2671 quae
1100 2596 1200 2648 retu.

70 2678 230 2753 'florum
261 2678 593 2751 Grammaticorum
624 2677 838 2771 auctoritate
869 2673 1010 2748 diversa
1039 2675 1200 2752 credidit

89 2781 337 2873 Ammonius,
368 2780 395 2853 li
426 2780 509 2879 quis
536 2779 644 2851 etiam
672 2775 863 2875 probanda
895 2775 1094 2872 censuerit,
1122 2805 1199 2852 non

90 2882 216 2957 valide
249 2882 403 2955 obnitar.
463 2880 507 2954 ln
535 2881 725 2971 omuibus,
758 2877 860 2976 quod
886 2875 991 2976 supra
1015 2878 1197 2977 dicebam,

91 2988 246 3059 omnino
281 2985 332 3059 est
362 2982 583 3075 tenendum,
618 2982 734 3055 nullas
754 3008 864 3056 voces
888 2981 1091 3057 discrevisse
1110 2989 1199 3056 Am-

89 3091 278 3179 mouinm,
300 3087 367 3159 nili
389 3091 435 3160 ab
462 3087 535 3160 hoc
560 3087 672 3159 illove
699 3083 904 3182 promiscue
936 3085 1074 3182 politas.
1125 3087 1198 3161 Ve-

88 3218 173 3263 rum
208 3190 360 3287 quidem
397 3190 465 3282 esl,
500 3216 590 3289 quas
620 3189 817 3287 praecipue
851 3185 948 3271 ridet
976 3189 1196 3288 Stephanus,
1240 3280 1242 3287 y

91 3292 192 3390 opud
223 3296 346 3365 Amm.
377 3319 485 3365 voces
507 3291 682 3382 discerni,
716 3291 814 3361 nulla
836 3289 1104 3387 significationis
1121 3292 1197 3365 ‹vir-

90 3415 168 3468 tute
201 3396 392 3485 finitimae,
429 3395 541 3467 veluti
569 3391 671 3483 suut,
698 3389 810 3481 ἀδεὴς
839 3412 874 3463 et
899 3390 1054 3486 ἀδαιὴς,
1086 3392 1196 3471 λείαν

91 3516 128 3571 et
156 3498 266 3591 λίαν,
296 3495 475 3597 ἐδέατρος
506 3517 542 3570 et
572 3493 769 3594 ἐλὲατρος,
807 3494 936 3593 φῦλον
970 3516 1006 3566 et
1033 3493 1193 3593 φύλλον.
1276 3479 1284 3495 ’

90 3598 170 3671 Has
195 3621 232 3672 et
255 3600 378 3672 eiusce
408 3598 552 3670 moduli
582 3624 691 3670 voces
722 3594 966 3694 distinguendi
996 3597 1089 3689 ratio
1124 3597 1195 3671 suit

87 3703 210 3792 nulla,
244 3701 316 3774 sta
346 3703 504 3774 librariis
536 3700 692 3773 recedas.
749 3698 823 3770 Etsi
854 3717 974 3770 autem
1004 3698 1065 3770 vix
1098 3701 1195 3798 quis-

87 3832 213 3903 qnam·
229 3804 289 3896 s1t,
323 3807 412 3902 quin
435 3803 500 3875 has
530 3828 638 3875 voces
664 3801 822 3875 diversas
852 3798 921 3872 esse
946 3800 1110 3895 noverit,
1145 3823 1192 3875 tu.

86 3934 175 3980 men
210 3906 447 3981 Grammatici
477 3905 516 3976 in
546 3904 677 3977 talibus
710 3905 819 3976 etiam
849 3896 1192 3978 secernendic'cura

87 4009 358 4087 contemnenda
382 4007 540 4080 nonest.
591 4006 760 4102 Exempli
782 4007 891 4102 gratia
910 4005 1037 4079 sedulo
1061 4006 1193 4079 discer-

87 4113 145 4185 nit
175 4111 309 4185 Noller
343 4109 501 4185 Φύλλον
541 4129 577 4181 et
612 4110 755 4182 Φῦλον.
813 4109 905 4194 Quis
942 4109 1089 4180 tandem
1129 4108 1192 4195 cll,
1301 4170 1311 4187 ,

86 4216 181 4317 quin
207 4216 305 4289 hane
330 4216 511 4288 cantelam
534 4211 701 4285 inutilem
726 4209 795 4283 esse
819 4208 986 4285 iudicet‘l
1026 4209 1120 4284 ‚Non
1144 4211 1190 4283 de

922 4336 941 4375 0
963 4332 983 4373 2
