2700 4764
424 204 933 373 'raauua110.„
1109 261 1191 305 m„

84 427 259 479 memorat
288 403 509 497 Eustathius,
541 425 594 498 et,
659 433 725 481 uae
754 435 796 480 ex
827 404 1016 481 Herennio
1046 411 1191 507 promit,

85 510 211 581 eadem
235 508 302 581 effe
329 508 496 582 videntur
519 537 601 581 cum
627 435 711 601 illis,
729 537 822 609 quae
846 511 1188 609 apndAmmonium

82 612 262 710 proflant3
296 633 336 684 ut
366 608 455 685 adeo
487 627 561 684 uon'
594 613 671 685 leve
701 611 743 684 lit
771 613 972 685 uuiversum
1002 610 1188 688 Amuronii

80 714 217 786 librum
242 713 288 784 ad
324 735 506 787 auctorem
538 714 762 788 Herennium
792 716 970 788 referendi
1001 743 1188 814 argumen-

79 837 171 888 tum.
223 816 326 889 Prius
360 839 498 909 tamen,
526 845 634 916 quam
663 845 766 916 prave
797 817 996 911 iudicetur,
1035 846 1093 890 eas
1122 820 1187 892 oh·

80 917 295 992 servationes
320 920 536 994 confiderari
559 920 685 1011 veli-m,
711 947 798 1018 quas
815 920 999 994 Herennio
1023 942 1186 1019 acceptae

80 1023 189 1093 refert
217 1021 431 1094 Eustatlrius.
484 1021 572 1096 Illae
598 1023 748 1097 omnino
774 1044 927 1121 quatuor
958 1023 1185 1117 adnotantur,

80 1123 119 1194 in
147 1124 277 1221 quihus
299 1123 517 1216 declaratur,
542 1151 622 1225 quo
638 1125 805 1199 differant
829 1120 947 1214 Αἶνος
971 1148 1008 1199 et
1030 1134 1184 1224 Παροι-

79 1227 174 1324 μία,
199 1226 395 1324 Maiandria
415 1250 450 1301 et
470 1226 676 1328 ’οῥῥωόεῖν,
706 1225 930 1328 >inebriatae
955 1251 990 1301 et
1005 1227 1184 1325 Ἀσφοὸι-

77 1327 163 1420 λός,
200 1330 402 1429 {aetnaei
420 1327 596 1430 γἈστρον.
649 1328 712 1403 Ad
754 1333 905 1430 primam
945 1332 1184 1404 differentiam

79 1456 215 1503 vocum
257 1439 373 1507 αι”νοο
400 1455 435 1506 et
470 1435 681 1534 παροιμίας
714 1435 920 1508 Ertstathius
952 1436 1056 1532 (loca
1094 1434 1184 1505 alibi

77 1534 236 1611 indicata
270 1557 310 1606 nt
341 1537 402 1608 hic
438 1559 618 1634 repetam,
652 1539 790 1610 necell'e
825 1565 898 1608 nou
941 1537 1012 1633 est)
1054 1536 1183 1609 eadem

72 1635 208 1728 habet,
233 1654 342 1736 ,quae
376 1639 616 1728 Ammonius,
655 1639 893 1731 Archilochi,
934 1638 1106 1730 Hefiodi,
1146 1658 1184 1711 ct

73 1738 293 1810 Callimachi
324 1740 436 1832 locas
465 1740 648 1812 Lucilium
681 1740 790 1813 etiam
829 1743 913 1813 citat
942 1741 1182 1835 Tarrhaeurn,

70 1839 241 1912 universa
281 1861 402 1914 autem
438 1841 475 1915 se
510 1841 685 1942 accepiffe
728 1843 871 1915 testatur
910 1843 954 1913 ab
993 1843 1181 1915 Herennio

70 1942 250 2035 Philone,
272 1942 510 2042 subiungens:
542 1952 613 2020 καὶ
635 1943 737 2020 οὕτω
758 1948 832 2043 μὲν
854 1945 1064 2019 καὶτοῦτο
1099 1974 1181 2018 κα-

72 2045 334 2143 τεστρωμένον
354 2046 455 2122 οὕτω
478 2046 597 2147 ῥητῶς
615 2054 657 2125 ἐν
683 2059 762 2135 τοῖς
779 2048 970 2147 Ἑρεννίου
997 2047 1177 2136 Φίλωνος.

54 2147 175 2231 ,Ῑῑιοο
200 2149 313 2221 vero?
340 2149 420 2245 Age
445 2152 556 2224 fuerit
579 2151 765 2223 Herennio
792 2151 966 2223 vetustior
989 2149 1178 2244 Lucilius,

70 2249 172 2323 hunc
204 2250 432 2349 descripserit
465 2253 692 2346 Herennius3
726 2253 876 2326 licuitne
903 2253 1002 2325 idem
1028 2255 1181 2325 Ammo-
1226 2328 1230 2339 „

71 2353 163 2427 nio?
202 2355 256 2426 Ita
279 2356 423 2449 opinor.
477 2356 607 2454 Quid?
641 2383 716 2430 non
741 2354 952 2429 seutentiam
976 2356 1179 2429 Herennia·

69 2483 139 2528 nae
157 2457 428 2551 observationis,
451 2456 514 2532 sed
527 2457 601 2558 ipsa
623 2458 799 2532 Herennii
814 2462 922 2532 verba
936 2458 1055 2556 ῥητῶς
1068 2459 1177 2530 nobis

69 2558 222 2631 tradidit
255 2559 475 2634 Eullathiua:
509 2561 652 2652 Ῥητῶς
692 2560 732 2636 δὲ
766 2563 872 2635 κατὰ
903 2562 971 2634 τὸν
1006 2561 1178 2633 παλαιὸν

12 2680 15 2685 ’
68 2667 204 2752 εἰπεῖν,
244 2657 382 2755 (Αἶνός
416 2668 518 2762 ἐστι)
564 2663 676 2757 λόγος
710 2664 884 2760 μυθικὸς
920 2659 1180 2758 ἐκφερόμενος,

69 2763 148 2838 ἀπὸ
170 2764 319 2859 ἀλόγων
337 2763 447 2856 ζώων.
472 2765 495 2855 ἢ
516 2767 647 2863 φυτῶν
675 2766 767 2861 πρὸς
788 2761 1002 2860 ἀνθρώπων
1027 2764 1173 2859 παραί-

67 2890 184 2941 νεσιν.
234 2874 382 2966 Quaero
407 2894 522 2961 nunc,
554 2888 674 2939 utrum
698 2893 738 2939 ea
765 2869 804 2936 in
831 2863 1031 2936 Arrrnronio
1054 2865 1174 2960 legan-

66 2990 150 3062 tur,
180 2998 225 3043 an
255 2965 302 3042 ad
331 2971 483 3062 ver-hum
512 2997 596 3043 curu
630 2969 704 3042 illia
732 2969 965 3057 conveniant,
1005 2993 1096 3065 quae
1129 2992 1172 3040 ex

65 3071 191 3146 Eranii
215 3073 380 3146 Philonis
402 3072 558 3147 Schedia
590 3100 668 3172 pag.
697 3077 778 3145 162.
803 3069 1056 3170 vulgavimus?
1108 3072 1172 3144 Se·

65 3175 187 3246 cunda
221 3176 424 3250 observatio
452 3177 497 3250 de
529 3177 649 3250 verbis
680 3173 874 3274 Ἀῥρωδεῖν
911 3195 945 3246 et
977 3171 1171 3271 Ὀρῥωδιῖν

64 3277 198 3349 iisdem
231 3304 322 3374 pene
360 3279 479 3360 verbis
520 3279 620 3376 apud
656 3279 882 3351 Eullathtum
914 3264 987 3348 l'ub
1022 3277 1170 3348 nomine
1229 3298 1233 3307 ’
1268 3322 1279 3362 5

65 3377 248 3453 Herennii
273 3383 368 3454 etin
396 3375 586 3453 Ammonii
605 3381 731 3452 libello
757 3380 900 3477 prostat.
953 3378 1029 3451 Sed
1058 3404 1169 3475 pona·

63 3508 165 3572 mus,
190 3505 271 3556 ante
294 3486 528 3559 Ammonium
554 3483 704 3557 extitiffc
730 3484 881 3554 huiusce
909 3479 1051 3553 moduli
1077 3506 1169 3577 opus

65 3585 117 3658 ah.
145 3588 332 3659 Herennio
361 3587 589 3681 confectum,
627 3613 672 3658 an
702 3611 776 3657 nou
811 3583 912 3656 eain
938 3605 1023 3655 nota
1047 3582 1166 3653 innuit

62 3690 308 3784 Ammonius,
327 3691 562 3762 vetustiorum
580 3690 621 3762 ¹se
643 3685 689 3762 ad
712 3714 790 3760 eam
817 3709 891 3759 rem
914 3686 1165 3758 declarandam

63 3792 188 3864 verbis
201 3791 283 3865 uti?
306 3791 426 3878 οὕτως
449 3791 536 3889 γὰρ,
560 3795 692 3892 inquit,
719 3792 946 3884 ἐξηγοῦνται
969 3789 1038 3878 τὴν
1052 3786 1165 3874 λέξιν

65 3892 184 3979 Quod
221 3920 335 3993 porro
370 3893 417 3966 ad
456 3895 670 3966 firmandam
712 3920 842 3965 vocum
884 3889 1101 3991 ἀσφοδέλου
1132 3910 1166 3960 et

63 3994 287 4097 ἆσφοδιλοῦ
317 3997 553 4070 differentiam
579 3995 767 4068 ambitiose
791 3995 1017 4067 Herennium
1044 3993 1165 4064 Philo·

64 4126 152 4173 nem
179 4107 225 4178 ἐν
257 4102 310 4202 τῷ
343 4107 426 4199 περὶ
460 4096 654 4200 διαφόρων
687 4098 976 4197 σημαινομένων
1011 4098 1165 4168 advocet

63 4201 296 4302 Eustachius,
320 4206 373 4278 uti
399 4226 436 4278 et
457 4203 505 4277 ad
526 4230 633 4280 voces
658 4202 778 4308 ἀστὴρ
803 4225 838 4276 et
865 4202 1026 4301 ἄστρον,
1053 4197 1167 4268 admi·
1214 4222 1218 4230 ¹
