<?xml version="1.0" encoding="UTF-8"?>
<!DOCTYPE html PUBLIC "-//W3C//DTD XHTML 1.0 Transitional//EN"
    "http://www.w3.org/TR/xhtml1/DTD/xhtml1-transitional.dtd">
<html xmlns="http://www.w3.org/1999/xhtml" xml:lang="en" lang="en">
 <head>
  <title>
</title>
<meta http-equiv="Content-Type" content="text/html;charset=utf-8" />
  <meta name='ocr-system' content='tesseract 3.04.00' />
  <meta name='ocr-capabilities' content='ocr_page ocr_carea ocr_par ocr_line ocrx_word'/>
</head>
<body>
  <div class='ocr_page' id='page_1' title='image "./ammonivsdediffe00valcgoog_0034.png"; bbox 0 0 2700 4764; ppageno 0'>
   <div class='ocr_carea' id='block_1_1' title="bbox 412 243 1164 308">
    <p class='ocr_par' dir='ltr' id='par_1_1' title="bbox 412 243 1164 308">
     <span class='ocr_line' id='line_1_1' title="bbox 412 243 1164 308; baseline 0.004 -3"><span class='ocrx_word' id='word_1_1' title='bbox 412 243 813 307; x_wconf 77' lang='lat' dir='ltr'>rRaErt&#39;rlo</span> <span class='ocrx_word' id='word_1_2' title='bbox 1085 266 1164 308; x_wconf 75' lang='lat' dir='ltr'>xxix</span> 
     </span>
    </p>
   </div>
   <div class='ocr_carea' id='block_1_2' title="bbox 32 409 1169 1439">
    <p class='ocr_par' dir='ltr' id='par_1_2' title="bbox 32 409 1169 1439">
     <span class='ocr_line' id='line_1_2' title="bbox 55 409 1169 507; baseline -0.006 -16"><span class='ocrx_word' id='word_1_3' title='bbox 55 416 226 491; x_wconf 88' lang='lat' dir='ltr'>monium</span> <span class='ocrx_word' id='word_1_4' title='bbox 263 437 309 485; x_wconf 81' lang='lat' dir='ltr'>ex</span> <span class='ocrx_word' id='word_1_5' title='bbox 350 409 415 483; x_wconf 83' lang='lat' dir='ltr'>issa</span> <span class='ocrx_word' id='word_1_6' title='bbox 452 412 557 487; x_wconf 70' lang='lat' dir='ltr'>inille</span> <span class='ocrx_word' id='word_1_7' title='bbox 596 411 693 487; x_wconf 81' lang='lat' dir='ltr'>lecta</span> <span class='ocrx_word' id='word_1_8' title='bbox 725 413 1032 507; x_wconf 84' lang='lat' dir='ltr'>Grammaticttm‚</span> <span class='ocrx_word' id='word_1_9' title='bbox 1060 412 1169 485; x_wconf 82' lang='lat' dir='ltr'>cuins</span> 
     </span>
     <span class='ocr_line' id='line_1_3' title="bbox 56 510 1166 615; baseline -0.003 -23"><span class='ocrx_word' id='word_1_10' title='bbox 56 520 229 615; x_wconf 78' lang='lat' dir='ltr'>conditor</span> <span class='ocrx_word' id='word_1_11' title='bbox 248 510 415 589; x_wconf 82' lang='lat' dir='ltr'>censetur</span> <span class='ocrx_word' id='word_1_12' title='bbox 437 510 673 589; x_wconf 78' lang='lat' dir='ltr'>Aristarchus.</span> <span class='ocrx_word' id='word_1_13' title='bbox 728 524 824 591; x_wconf 87' lang='lat' dir='ltr'>Dum</span> <span class='ocrx_word' id='word_1_14' title='bbox 850 516 1005 591; x_wconf 89' lang='lat' dir='ltr'>Homeri</span> <span class='ocrx_word' id='word_1_15' title='bbox 1035 517 1166 589; x_wconf 87' lang='lat' dir='ltr'>editio·</span> 
     </span>
     <span class='ocr_line' id='line_1_4' title="bbox 55 617 1163 718; baseline -0.006 -22"><span class='ocrx_word' id='word_1_16' title='bbox 55 649 144 715; x_wconf 76' lang='lat' dir='ltr'>pem</span> <span class='ocrx_word' id='word_1_17' title='bbox 167 617 435 695; x_wconf 82' lang='lat' dir='ltr'>Aristarcbeam</span> <span class='ocrx_word' id='word_1_18' title='bbox 464 618 610 716; x_wconf 82' lang='lat' dir='ltr'>pellim,</span> <span class='ocrx_word' id='word_1_19' title='bbox 643 640 679 690; x_wconf 89' lang='lat' dir='ltr'>et</span> <span class='ocrx_word' id='word_1_20' title='bbox 707 618 898 691; x_wconf 82' lang='lat' dir='ltr'>clariffime</span> <span class='ocrx_word' id='word_1_21' title='bbox 933 618 1092 718; x_wconf 83' lang='lat' dir='ltr'>seqnitur</span> <span class='ocrx_word' id='word_1_22' title='bbox 1122 620 1163 690; x_wconf 88' lang='lat' dir='ltr'>in</span> 
     </span>
     <span class='ocr_line' id='line_1_5' title="bbox 56 718 1164 820; baseline -0.013 -13"><span class='ocrx_word' id='word_1_23' title='bbox 56 730 202 815; x_wconf 55' lang='lat' dir='ltr'>vadai,</span> <span class='ocrx_word' id='word_1_24' title='bbox 221 719 459 797; x_wconf 89' lang='lat' dir='ltr'>Zenodotum</span> <span class='ocrx_word' id='word_1_25' title='bbox 482 719 730 820; x_wconf 73' lang='lat' dir='ltr'>reprehendit,</span> <span class='ocrx_word' id='word_1_26' title='bbox 752 722 836 794; x_wconf 83' lang='lat' dir='ltr'>litae</span> <span class='ocrx_word' id='word_1_27' title='bbox 856 718 973 794; x_wconf 86' lang='lat' dir='ltr'>lectae</span> <span class='ocrx_word' id='word_1_28' title='bbox 995 723 1164 795; x_wconf 80' lang='lat' dir='ltr'>homiues</span> 
     </span>
     <span class='ocr_line' id='line_1_6' title="bbox 54 821 1165 928; baseline -0.003 -29"><span class='ocrx_word' id='word_1_29' title='bbox 54 826 285 928; x_wconf 68' lang='lat' dir='ltr'>potiffimum</span> <span class='ocrx_word' id='word_1_30' title='bbox 307 821 440 899; x_wconf 71' lang='lat' dir='ltr'>laudii.</span> <span class='ocrx_word' id='word_1_31' title='bbox 493 825 588 898; x_wconf 90' lang='lat' dir='ltr'>Non&#39;</span> <span class='ocrx_word' id='word_1_32' title='bbox 607 846 727 896; x_wconf 87' lang='lat' dir='ltr'>tamen</span> <span class='ocrx_word' id='word_1_33' title='bbox 756 822 892 918; x_wconf 82' lang='lat' dir='ltr'>lectae,</span> <span class='ocrx_word' id='word_1_34' title='bbox 932 824 994 899; x_wconf 85' lang='lat' dir='ltr'>cni</span> <span class='ocrx_word' id='word_1_35' title='bbox 1027 850 1165 897; x_wconf 84' lang='lat' dir='ltr'>nomeu</span> 
     </span>
     <span class='ocr_line' id='line_1_7' title="bbox 59 923 1163 1020; baseline -0.003 -18"><span class='ocrx_word' id='word_1_36' title='bbox 59 928 235 1020; x_wconf 80' lang='lat' dir='ltr'>dederat,</span> <span class='ocrx_word' id='word_1_37' title='bbox 272 923 371 1003; x_wconf 89' lang='lat' dir='ltr'>adeo.</span> <span class='ocrx_word' id='word_1_38' title='bbox 404 930 497 1001; x_wconf 84' lang='lat' dir='ltr'>male</span> <span class='ocrx_word' id='word_1_39' title='bbox 524 929 596 1000; x_wconf 89' lang='lat' dir='ltr'>fuit</span> <span class='ocrx_word' id='word_1_40' title='bbox 623 948 750 1018; x_wconf 83' lang='lat' dir='ltr'>tenax,</span> <span class='ocrx_word' id='word_1_41' title='bbox 789 945 831 998; x_wconf 88' lang='lat' dir='ltr'>nt</span> <span class='ocrx_word' id='word_1_42' title='bbox 862 955 938 1003; x_wconf 90' lang='lat' dir='ltr'>non</span> <span class='ocrx_word' id='word_1_43' title='bbox 972 929 1084 1000; x_wconf 82' lang='lat' dir='ltr'>multa</span> <span class='ocrx_word' id='word_1_44' title='bbox 1115 926 1163 999; x_wconf 87' lang='lat' dir='ltr'>ab</span> 
     </span>
     <span class='ocr_line' id='line_1_8' title="bbox 32 1027 1166 1133; baseline -0.004 -26"><span class='ocrx_word' id='word_1_45' title='bbox 32 1032 302 1133; x_wconf 20' lang='lat' dir='ltr'>*Aristophane</span> <span class='ocrx_word' id='word_1_46' title='bbox 322 1028 449 1103; x_wconf 86' lang='lat' dir='ltr'>tradita</span> <span class='ocrx_word' id='word_1_47' title='bbox 480 1028 709 1129; x_wconf 84' lang='lat' dir='ltr'>probaverit,</span> <span class='ocrx_word' id='word_1_48' title='bbox 742 1048 778 1102; x_wconf 87' lang='lat' dir='ltr'>et</span> <span class='ocrx_word' id='word_1_49' title='bbox 804 1031 842 1101; x_wconf 89' lang='lat' dir='ltr'>in</span> <span class='ocrx_word' id='word_1_50' title='bbox 874 1031 1037 1104; x_wconf 87' lang='lat' dir='ltr'>Lexicon</span> <span class='ocrx_word' id='word_1_51' title='bbox 1060 1027 1166 1103; x_wconf 82' lang='lat' dir='ltr'>inum</span> 
     </span>
     <span class='ocr_line' id='line_1_9' title="bbox 58 1133 1168 1233; baseline -0.005 -24"><span class='ocrx_word' id='word_1_52' title='bbox 58 1135 252 1233; x_wconf 77' lang='lat' dir='ltr'>receperit.</span> <span class='ocrx_word' id='word_1_53' title='bbox 304 1133 392 1205; x_wconf 78' lang='lat' dir='ltr'>Dixi</span> <span class='ocrx_word' id='word_1_54' title='bbox 431 1134 477 1206; x_wconf 79' lang='lat' dir='ltr'>dc</span> <span class='ocrx_word' id='word_1_55' title='bbox 512 1154 681 1224; x_wconf 83' lang='lat' dir='ltr'>auctore,</span> <span class='ocrx_word' id='word_1_56' title='bbox 718 1160 814 1203; x_wconf 89' lang='lat' dir='ltr'>nunc</span> <span class='ocrx_word' id='word_1_57' title='bbox 841 1134 958 1207; x_wconf 84' lang='lat' dir='ltr'>libelli</span> <span class='ocrx_word' id='word_1_58' title='bbox 978 1157 1168 1230; x_wconf 82' lang='lat' dir='ltr'>argumen-</span> 
     </span>
     <span class='ocr_line' id='line_1_10' title="bbox 57 1234 1168 1335; baseline -0.003 -24"><span class='ocrx_word' id='word_1_59' title='bbox 57 1258 158 1329; x_wconf 83' lang='lat' dir='ltr'>tum,</span> <span class='ocrx_word' id='word_1_60' title='bbox 181 1235 267 1309; x_wconf 87' lang='lat' dir='ltr'>etli</span> <span class='ocrx_word' id='word_1_61' title='bbox 292 1262 365 1334; x_wconf 81' lang='lat' dir='ltr'>qua</span> <span class='ocrx_word' id='word_1_62' title='bbox 392 1263 504 1334; x_wconf 86' lang='lat' dir='ltr'>porro</span> <span class='ocrx_word' id='word_1_63' title='bbox 526 1237 600 1311; x_wconf 90' lang='lat' dir='ltr'>huc</span> <span class='ocrx_word' id='word_1_64' title='bbox 625 1235 808 1335; x_wconf 87' lang='lat' dir='ltr'>pertinere</span> <span class='ocrx_word' id='word_1_65' title='bbox 829 1234 1062 1330; x_wconf 84' lang='lat' dir='ltr'>indicavero,</span> <span class='ocrx_word' id='word_1_66' title='bbox 1084 1261 1168 1335; x_wconf 86' lang='lat' dir='ltr'>pro·</span> 
     </span>
     <span class='ocr_line' id='line_1_11' title="bbox 57 1366 207 1439; baseline -0.027 -25"><span class='ocrx_word' id='word_1_67' title='bbox 57 1366 207 1439; x_wconf 82' lang='lat' dir='ltr'>ponam.</span> 
     </span>
    </p>
   </div>
   <div class='ocr_carea' id='block_1_3' title="bbox 17 1540 1243 4287">
    <p class='ocr_par' dir='ltr' id='par_1_3' title="bbox 17 1540 1243 4280">
     <span class='ocr_line' id='line_1_12' title="bbox 62 1540 1167 1641; baseline 0.001 -26"><span class='ocrx_word' id='word_1_68' title='bbox 62 1614 67 1621; x_wconf 83' lang='grc'>,</span> <span class='ocrx_word' id='word_1_69' title='bbox 148 1540 282 1627; x_wconf 53' lang='lat' dir='ltr'>,Index</span> <span class='ocrx_word' id='word_1_70' title='bbox 320 1542 439 1615; x_wconf 82' lang='lat' dir='ltr'>libelli</span> <span class='ocrx_word' id='word_1_71' title='bbox 474 1543 588 1616; x_wconf 79' lang='lat' dir='ltr'>nostri</span> <span class='ocrx_word' id='word_1_72' title='bbox 615 1544 678 1615; x_wconf 90' lang='lat' dir='ltr'>hic</span> <span class='ocrx_word' id='word_1_73' title='bbox 708 1542 776 1634; x_wconf 81' lang='lat' dir='ltr'>est,</span> <span class='ocrx_word' id='word_1_74' title='bbox 816 1544 923 1615; x_wconf 84' lang='lat' dir='ltr'>etiam</span> <span class='ocrx_word' id='word_1_75' title='bbox 952 1544 992 1615; x_wconf 89' lang='lat' dir='ltr'>iu</span> <span class='ocrx_word' id='word_1_76' title='bbox 1021 1542 1167 1641; x_wconf 84' lang='lat' dir='ltr'>scriptis</span> 
     </span>
     <span class='ocr_line' id='line_1_13' title="bbox 61 1643 1167 1745; baseline 0.001 -27"><span class='ocrx_word' id='word_1_77' title='bbox 61 1643 304 1744; x_wconf 68' lang='lat' dir='ltr'>Codtl.‘.srspi</span> <span class='ocrx_word' id='word_1_78' title='bbox 339 1644 484 1744; x_wconf 81' lang='grc' dir='ltr'><strong><em>ὁμοίων</em></strong></span> <span class='ocrx_word' id='word_1_79' title='bbox 519 1653 590 1719; x_wconf 83' lang='grc' dir='ltr'>καὶ</span> <span class='ocrx_word' id='word_1_80' title='bbox 634 1643 831 1743; x_wconf 81' lang='grc' dir='ltr'><strong>διαφόρων</strong></span> <span class='ocrx_word' id='word_1_81' title='bbox 871 1643 1015 1730; x_wconf 78' lang='grc' dir='ltr'><strong><em>λέξεων.</em></strong></span> <span class='ocrx_word' id='word_1_82' title='bbox 1055 1673 1167 1745; x_wconf 87' lang='lat' dir='ltr'>quem</span> 
     </span>
     <span class='ocr_line' id='line_1_14' title="bbox 60 1747 1170 1840; baseline 0 -19"><span class='ocrx_word' id='word_1_83' title='bbox 60 1774 142 1821; x_wconf 86' lang='lat' dir='ltr'>non</span> <span class='ocrx_word' id='word_1_84' title='bbox 169 1771 245 1818; x_wconf 87' lang='lat' dir='ltr'>uno</span> <span class='ocrx_word' id='word_1_85' title='bbox 275 1747 667 1821; x_wconf 77' lang='lat' dir='ltr'>modoreddidernnt.</span> <span class='ocrx_word' id='word_1_86' title='bbox 683 1747 897 1822; x_wconf 82' lang='lat' dir='ltr'>Valentinus</span> <span class='ocrx_word' id='word_1_87' title='bbox 925 1748 1059 1840; x_wconf 85' lang='lat' dir='ltr'>Curio,</span> <span class='ocrx_word' id='word_1_88' title='bbox 1090 1749 1170 1821; x_wconf 80' lang='lat' dir='ltr'>Ste-</span> 
     </span>
     <span class='ocr_line' id='line_1_15' title="bbox 58 1847 1170 1950; baseline 0 -27"><span class='ocrx_word' id='word_1_89' title='bbox 58 1851 205 1950; x_wconf 75' lang='lat' dir='ltr'>pharius</span> <span class='ocrx_word' id='word_1_90' title='bbox 211 1902 226 1937; x_wconf 83' lang='lat'><em>,</em></span> <span class='ocrx_word' id='word_1_91' title='bbox 246 1871 282 1921; x_wconf 91' lang='lat' dir='ltr'>et</span> <span class='ocrx_word' id='word_1_92' title='bbox 307 1850 505 1937; x_wconf 76' lang='lat' dir='ltr'>Fabricius</span> <span class='ocrx_word' id='word_1_93' title='bbox 558 1851 691 1923; x_wconf 88' lang='lat' dir='ltr'>Utrum</span> <span class='ocrx_word' id='word_1_94' title='bbox 720 1847 848 1923; x_wconf 88' lang='lat' dir='ltr'>eadem</span> <span class='ocrx_word' id='word_1_95' title='bbox 869 1848 947 1921; x_wconf 87' lang='lat' dir='ltr'>fit</span> <span class='ocrx_word' id='word_1_96' title='bbox 936 1875 976 1919; x_wconf 89' lang='lat' dir='ltr'>m</span> <span class='ocrx_word' id='word_1_97' title='bbox 1004 1849 1170 1947; x_wconf 85' lang='lat' dir='ltr'>Anglica·</span> 
     </span>
     <span class='ocr_line' id='line_1_16' title="bbox 61 1950 1169 2054; baseline 0.003 -29"><span class='ocrx_word' id='word_1_98' title='bbox 61 1953 118 2025; x_wconf 86' lang='lat' dir='ltr'>nis</span> <span class='ocrx_word' id='word_1_99' title='bbox 146 1950 266 2054; x_wconf 83' lang='lat' dir='ltr'>Codd.</span> <span class='ocrx_word' id='word_1_100' title='bbox 299 1952 408 2033; x_wconf 67' lang='lat' dir='ltr'>MSS.</span> <span class='ocrx_word' id='word_1_101' title='bbox 432 1953 643 2049; x_wconf 84' lang='lat' dir='ltr'>inscripti0‚</span> <span class='ocrx_word' id='word_1_102' title='bbox 670 1950 861 2025; x_wconf 83' lang='lat' dir='ltr'>addubito.</span> <span class='ocrx_word' id='word_1_103' title='bbox 912 1955 961 2025; x_wconf 89' lang='lat' dir='ltr'>ln</span> <span class='ocrx_word' id='word_1_104' title='bbox 986 1950 1169 2050; x_wconf 70' lang='lat' dir='ltr'>Cctalogic</span> 
     </span>
     <span class='ocr_line' id='line_1_17' title="bbox 61 2055 1169 2152; baseline 0.001 -24"><span class='ocrx_word' id='word_1_105' title='bbox 61 2055 224 2152; x_wconf 74' lang='lat' dir='ltr'>reperire</span> <span class='ocrx_word' id='word_1_106' title='bbox 245 2056 350 2129; x_wconf 87' lang='lat' dir='ltr'>licet:</span> <span class='ocrx_word' id='word_1_107' title='bbox 362 2060 568 2139; x_wconf 83' lang='lat' dir='ltr'>Ammonii</span> <span class='ocrx_word' id='word_1_108' title='bbox 590 2061 774 2151; x_wconf 80' lang='lat' dir='ltr'>Lexicon,</span> <span class='ocrx_word' id='word_1_109' title='bbox 809 2074 844 2126; x_wconf 91' lang='lat' dir='ltr'>et</span> <span class='ocrx_word' id='word_1_110' title='bbox 863 2056 1057 2127; x_wconf 84' lang='lat' dir='ltr'>Ammonii</span> <span class='ocrx_word' id='word_1_111' title='bbox 1078 2058 1169 2129; x_wconf 81' lang='lat' dir='ltr'>liber</span> 
     </span>
     <span class='ocr_line' id='line_1_18' title="bbox 63 2158 1170 2260; baseline 0.001 -30"><span class='ocrx_word' id='word_1_112' title='bbox 63 2163 110 2230; x_wconf 78' lang='lat' dir='ltr'>de</span> <span class='ocrx_word' id='word_1_113' title='bbox 143 2160 366 2245; x_wconf 65' lang='lat' dir='ltr'>dictionibus.</span> <span class='ocrx_word' id='word_1_114' title='bbox 394 2165 480 2260; x_wconf 77' lang='grc' dir='ltr'>περὶ</span> <span class='ocrx_word' id='word_1_115' title='bbox 513 2158 650 2245; x_wconf 74' lang='grc' dir='ltr'><strong><em>λέξεων</em></strong></span> <span class='ocrx_word' id='word_1_116' title='bbox 683 2161 790 2231; x_wconf 86' lang='lat' dir='ltr'>latius</span> <span class='ocrx_word' id='word_1_117' title='bbox 825 2176 942 2256; x_wconf 86' lang='lat' dir='ltr'>patet,</span> <span class='ocrx_word' id='word_1_118' title='bbox 982 2184 1090 2256; x_wconf 86' lang='lat' dir='ltr'>quam</span> <span class='ocrx_word' id='word_1_119' title='bbox 1127 2178 1170 2231; x_wconf 82' lang='lat' dir='ltr'>ut</span> 
     </span>
     <span class='ocr_line' id='line_1_19' title="bbox 62 2260 1168 2359; baseline 0.002 -26"><span class='ocrx_word' id='word_1_120' title='bbox 62 2261 168 2343; x_wconf 81' lang='lat' dir='ltr'>hnic¹</span> <span class='ocrx_word' id='word_1_121' title='bbox 197 2260 383 2359; x_wconf 77' lang='lat' dir='ltr'>opusculo.</span> <span class='ocrx_word' id='word_1_122' title='bbox 419 2283 501 2359; x_wconf 83' lang='lat' dir='ltr'>apte</span> <span class='ocrx_word' id='word_1_123' title='bbox 529 2262 738 2337; x_wconf 82' lang='lat' dir='ltr'>convenire</span> <span class='ocrx_word' id='word_1_124' title='bbox 769 2260 899 2358; x_wconf 77' lang='lat' dir='ltr'>pollit.</span> <span class='ocrx_word' id='word_1_125' title='bbox 968 2261 1168 2355; x_wconf 82' lang='lat' dir='ltr'>Credibile,</span> 
     </span>
     <span class='ocr_line' id='line_1_20' title="bbox 64 2361 1170 2480; baseline 0 -44"><span class='ocrx_word' id='word_1_126' title='bbox 64 2364 304 2466; x_wconf 71' lang='lat' dir='ltr'>Ammonium</span> <span class='ocrx_word' id='word_1_127' title='bbox 318 2361 473 2462; x_wconf 80' lang='lat' dir='ltr'>posuille</span> <span class='ocrx_word' id='word_1_128' title='bbox 494 2371 578 2464; x_wconf 80' lang='grc' dir='ltr'>περὶ</span> <span class='ocrx_word' id='word_1_129' title='bbox 595 2364 791 2464; x_wconf 77' lang='grc' dir='ltr'><strong>διαφόρων</strong></span> <span class='ocrx_word' id='word_1_130' title='bbox 802 2362 954 2480; x_wconf 52' lang='grc' dir='ltr'><strong><em>λέξεωνρ</em></strong></span> <span class='ocrx_word' id='word_1_131' title='bbox 981 2369 1170 2439; x_wconf 70' lang='lat' dir='ltr'>decoctam</span> 
     </span>
     <span class='ocr_line' id='line_1_21' title="bbox 64 2467 1169 2565; baseline 0.001 -26"><span class='ocrx_word' id='word_1_132' title='bbox 64 2448 329 2562; x_wconf 58' lang='grc' dir='ltr'><strong>ἀλβιινειιιὶωι</strong></span> <span class='ocrx_word' id='word_1_133' title='bbox 345 2486 470 2562; x_wconf 87' lang='lat' dir='ltr'>atquc</span> <span class='ocrx_word' id='word_1_134' title='bbox 504 2470 553 2540; x_wconf 85' lang='lat' dir='ltr'>ita</span> <span class='ocrx_word' id='word_1_135' title='bbox 600 2468 724 2565; x_wconf 87' lang='lat' dir='ltr'>pallim</span> <span class='ocrx_word' id='word_1_136' title='bbox 778 2467 891 2537; x_wconf 83' lang='lat' dir='ltr'>citant</span> <span class='ocrx_word' id='word_1_137' title='bbox 934 2468 1169 2542; x_wconf 75' lang='lat' dir='ltr'>recentiores.</span> 
     </span>
     <span class='ocr_line' id='line_1_22' title="bbox 54 2568 1170 2741; baseline -0.001 -97"><span class='ocrx_word' id='word_1_138' title='bbox 54 2568 217 2741; x_wconf 71' lang='grc' dir='ltr'>Ὅμοιοι1</span> <span class='ocrx_word' id='word_1_139' title='bbox 232 2597 315 2642; x_wconf 87' lang='lat' dir='ltr'>non</span> <span class='ocrx_word' id='word_1_140' title='bbox 339 2588 465 2643; x_wconf 74' lang='lat' dir='ltr'>extum</span> <span class='ocrx_word' id='word_1_141' title='bbox 511 2573 550 2642; x_wconf 81' lang='lat' dir='ltr'>in</span> <span class='ocrx_word' id='word_1_142' title='bbox 589 2570 788 2644; x_wconf 91' lang='lat' dir='ltr'>Ammonio</span> <span class='ocrx_word' id='word_1_143' title='bbox 829 2589 969 2662; x_wconf 86' lang='lat' dir='ltr'>praeter</span> <span class='ocrx_word' id='word_1_144' title='bbox 1004 2574 1170 2669; x_wconf 79' lang='lat' dir='ltr'>paucula,</span> 
     </span>
     <span class='ocr_line' id='line_1_23' title="bbox 64 2669 1170 2770; baseline 0 -27"><span class='ocrx_word' id='word_1_145' title='bbox 64 2670 221 2751; x_wconf 85' lang='lat' dir='ltr'>velutil&#39;</span> <span class='ocrx_word' id='word_1_146' title='bbox 216 2693 283 2756; x_wconf 82' lang='lat' dir='ltr'>unt</span> <span class='ocrx_word' id='word_1_147' title='bbox 303 2673 442 2769; x_wconf 76' lang='grc' dir='ltr'><strong><em>Κωφὸς</em></strong></span> <span class='ocrx_word' id='word_1_148' title='bbox 456 2694 493 2747; x_wconf 87' lang='lat' dir='ltr'>et</span> <span class='ocrx_word' id='word_1_149' title='bbox 502 2672 654 2762; x_wconf 78' lang='grc' dir='ltr'><strong>Ἑννιὸς,</strong></span> <span class='ocrx_word' id='word_1_150' title='bbox 672 2670 895 2770; x_wconf 57' lang='lat' dir='ltr'>Hippotai</span> <span class='ocrx_word' id='word_1_151' title='bbox 911 2691 946 2741; x_wconf 89' lang='lat' dir='ltr'>et</span> <span class='ocrx_word' id='word_1_152' title='bbox 965 2669 1170 2767; x_wconf 77' lang='grc' dir='ltr'><strong>Ἑκμάξαι,</strong></span> 
     </span>
     <span class='ocr_line' id='line_1_24' title="bbox 72 2771 1172 2874; baseline 0 -25"><span class='ocrx_word' id='word_1_153' title='bbox 72 2771 283 2873; x_wconf 75' lang='grc' dir='ltr'><strong><em>Τύραννος</em></strong></span> <span class='ocrx_word' id='word_1_154' title='bbox 307 2796 345 2849; x_wconf 84' lang='lat' dir='ltr'>et</span> <span class='ocrx_word' id='word_1_155' title='bbox 378 2775 579 2862; x_wconf 75' lang='grc' dir='ltr'><strong>Βασιλεύς.</strong></span> <span class='ocrx_word' id='word_1_156' title='bbox 624 2801 717 2874; x_wconf 88' lang='lat' dir='ltr'>quac</span> <span class='ocrx_word' id='word_1_157' title='bbox 755 2773 933 2853; x_wconf 80' lang='lat' dir='ltr'>vocabula</span> <span class='ocrx_word' id='word_1_158' title='bbox 968 2775 1172 2850; x_wconf 80' lang='lat' dir='ltr'>recentiore</span> 
     </span>
     <span class='ocr_line' id='line_1_25' title="bbox 65 2870 1171 2975; baseline 0.001 -26"><span class='ocrx_word' id='word_1_159' title='bbox 65 2903 171 2949; x_wconf 84' lang='lat' dir='ltr'>aevo</span> <span class='ocrx_word' id='word_1_160' title='bbox 201 2878 292 2966; x_wconf 80' lang='lat' dir='ltr'>male</span> <span class='ocrx_word' id='word_1_161' title='bbox 328 2876 505 2975; x_wconf 81' lang='lat' dir='ltr'>disparata</span> <span class='ocrx_word' id='word_1_162' title='bbox 538 2875 638 2975; x_wconf 86' lang='lat' dir='ltr'>apud</span> <span class='ocrx_word' id='word_1_163' title='bbox 680 2875 870 2970; x_wconf 89' lang='lat' dir='ltr'>antiquos</span> <span class='ocrx_word' id='word_1_164' title='bbox 889 2870 1012 2970; x_wconf 79' lang='grc' dir='ltr'><strong>ὅμοια</strong></span> <span class='ocrx_word' id='word_1_165' title='bbox 1054 2876 1171 2973; x_wconf 78' lang='lat' dir='ltr'>inille,</span> 
     </span>
     <span class='ocr_line' id='line_1_26' title="bbox 60 2953 1172 3081; baseline 0.005 -31.018"><span class='ocrx_word' id='word_1_166' title='bbox 60 2975 139 3052; x_wconf 85' lang='lat' dir='ltr'>five</span> <span class='ocrx_word' id='word_1_167' title='bbox 162 2953 365 3081; x_wconf 81' lang='lat' dir='ltr'>promiscue</span> <span class='ocrx_word' id='word_1_168' title='bbox 385 2979 572 3078; x_wconf 81' lang='lat' dir='ltr'>usurpata,</span> <span class='ocrx_word' id='word_1_169' title='bbox 590 2979 746 3053; x_wconf 88' lang='lat' dir='ltr'>ostendit</span> <span class='ocrx_word' id='word_1_170' title='bbox 763 2978 991 3069; x_wconf 82' lang='lat' dir='ltr'>Ammonius.</span> <span class='ocrx_word' id='word_1_171' title='bbox 1014 2977 1172 3077; x_wconf 85' lang='lat' dir='ltr'>Propter</span> 
     </span>
     <span class='ocr_line' id='line_1_27' title="bbox 67 3081 1172 3181; baseline 0.003 -27"><span class='ocrx_word' id='word_1_172' title='bbox 67 3109 111 3154; x_wconf 89' lang='lat' dir='ltr'>ea</span> <span class='ocrx_word' id='word_1_173' title='bbox 145 3101 266 3154; x_wconf 86' lang='lat' dir='ltr'>tamen</span> <span class='ocrx_word' id='word_1_174' title='bbox 294 3083 440 3181; x_wconf 82' lang='lat' dir='ltr'>postea,</span> <span class='ocrx_word' id='word_1_175' title='bbox 480 3104 521 3155; x_wconf 89' lang='lat' dir='ltr'>ut</span> <span class='ocrx_word' id='word_1_176' title='bbox 556 3105 665 3181; x_wconf 87' lang='lat' dir='ltr'>puto,</span> <span class='ocrx_word' id='word_1_177' title='bbox 700 3081 829 3154; x_wconf 89' lang='lat' dir='ltr'>libello</span> <span class='ocrx_word' id='word_1_178' title='bbox 862 3081 988 3155; x_wconf 78' lang='lat' dir='ltr'>bostro</span> <span class='ocrx_word' id='word_1_179' title='bbox 1021 3085 1172 3156; x_wconf 90' lang='lat' dir='ltr'>titulum</span> 
     </span>
     <span class='ocr_line' id='line_1_28' title="bbox 65 3180 1171 3285; baseline 0.003 -28"><span class='ocrx_word' id='word_1_180' title='bbox 65 3186 253 3259; x_wconf 79' lang='lat' dir='ltr'>fecerunt:</span> <span class='ocrx_word' id='word_1_181' title='bbox 281 3193 365 3285; x_wconf 79' lang='grc' dir='ltr'><em>περὶ</em></span> <span class='ocrx_word' id='word_1_182' title='bbox 396 3185 540 3284; x_wconf 76' lang='grc' dir='ltr'><strong><em>ὁμοίων</em></strong></span> <span class='ocrx_word' id='word_1_183' title='bbox 578 3218 650 3261; x_wconf 84' lang='grc' dir='ltr'>και</span> <span class='ocrx_word' id='word_1_184' title='bbox 675 3181 878 3284; x_wconf 74' lang='grc' dir='ltr'><strong>διαφόρων</strong></span> <span class='ocrx_word' id='word_1_185' title='bbox 915 3180 1059 3271; x_wconf 71' lang='grc' dir='ltr'><strong><em>λέξεων.</em></strong></span> <span class='ocrx_word' id='word_1_186' title='bbox 1117 3188 1171 3260; x_wconf 89' lang='lat' dir='ltr'>Ea</span> 
     </span>
     <span class='ocr_line' id='line_1_29' title="bbox 49 3286 1243 3386; baseline 0.002 -27"><span class='ocrx_word' id='word_1_187' title='bbox 49 3287 188 3378; x_wconf 79' lang='lat' dir='ltr'>enim,</span> <span class='ocrx_word' id='word_1_188' title='bbox 216 3314 310 3384; x_wconf 80' lang='lat' dir='ltr'>qttae</span> <span class='ocrx_word' id='word_1_189' title='bbox 333 3287 477 3380; x_wconf 82' lang='lat' dir='ltr'>dixi‚&#39;</span> <span class='ocrx_word' id='word_1_190' title='bbox 454 3319 574 3386; x_wconf 83' lang='grc' dir='ltr'><strong>ομοια</strong></span> <span class='ocrx_word' id='word_1_191' title='bbox 594 3287 698 3360; x_wconf 80' lang='lat' dir='ltr'>suille</span> <span class='ocrx_word' id='word_1_192' title='bbox 720 3308 871 3377; x_wconf 84' lang='lat' dir='ltr'>vocata,</span> <span class='ocrx_word' id='word_1_193' title='bbox 905 3312 952 3359; x_wconf 86' lang='lat' dir='ltr'>ex</span> <span class='ocrx_word' id='word_1_194' title='bbox 977 3286 1173 3386; x_wconf 82' lang='lat' dir='ltr'>Sponlippi</span> <span class='ocrx_word' id='word_1_195' title='bbox 1241 3294 1243 3299; x_wconf 81' lang='grc'><strong>’</strong></span> 
     </span>
     <span class='ocr_line' id='line_1_30' title="bbox 69 3384 1171 3487; baseline -0.002 -24"><span class='ocrx_word' id='word_1_196' title='bbox 69 3415 225 3487; x_wconf 84' lang='lat' dir='ltr'>opere,</span> <span class='ocrx_word' id='word_1_197' title='bbox 226 3386 290 3463; x_wconf 85' lang='lat' dir='ltr'>etfi</span> <span class='ocrx_word' id='word_1_198' title='bbox 306 3395 447 3487; x_wconf 80' lang='lat' dir='ltr'>generis</span> <span class='ocrx_word' id='word_1_199' title='bbox 469 3391 640 3465; x_wconf 87' lang='lat' dir='ltr'>nonnihil</span> <span class='ocrx_word' id='word_1_200' title='bbox 660 3384 805 3474; x_wconf 87' lang='lat' dir='ltr'>diverfi,</span> <span class='ocrx_word' id='word_1_201' title='bbox 826 3387 981 3481; x_wconf 80' lang='lat' dir='ltr'>constat3</span> <span class='ocrx_word' id='word_1_202' title='bbox 1003 3389 1043 3461; x_wconf 90' lang='lat' dir='ltr'>id</span> <span class='ocrx_word' id='word_1_203' title='bbox 1059 3393 1171 3485; x_wconf 86' lang='lat' dir='ltr'>enim,</span> 
     </span>
     <span class='ocr_line' id='line_1_31' title="bbox 58 3444 1172 3592; baseline -0.002 -25"><span class='ocrx_word' id='word_1_204' title='bbox 58 3489 201 3588; x_wconf 77' lang='grc' dir='ltr'><strong>Ὅμοια</strong></span> <span class='ocrx_word' id='word_1_205' title='bbox 229 3492 464 3590; x_wconf 84' lang='lat' dir='ltr'>inscriptum,</span> <span class='ocrx_word' id='word_1_206' title='bbox 493 3496 702 3592; x_wconf 84' lang='lat' dir='ltr'>frequenter</span> <span class='ocrx_word' id='word_1_207' title='bbox 727 3487 852 3564; x_wconf 89' lang='lat' dir='ltr'>laudat</span> <span class='ocrx_word' id='word_1_208' title='bbox 881 3444 1111 3584; x_wconf 76' lang='lat' dir='ltr'>Atbdnaens3</span> <span class='ocrx_word' id='word_1_209' title='bbox 1151 3518 1172 3565; x_wconf 84' lang='lat' dir='ltr'>a</span> 
     </span>
     <span class='ocr_line' id='line_1_32' title="bbox 70 3590 1173 3708; baseline 0.002 -43"><span class='ocrx_word' id='word_1_210' title='bbox 70 3620 151 3690; x_wconf 88' lang='lat' dir='ltr'>quo</span> <span class='ocrx_word' id='word_1_211' title='bbox 170 3594 286 3675; x_wconf 80' lang='lat' dir='ltr'>etiam</span> <span class='ocrx_word' id='word_1_212' title='bbox 314 3597 427 3675; x_wconf 78' lang='lat' dir='ltr'>lubae</span> <span class='ocrx_word' id='word_1_213' title='bbox 450 3617 486 3670; x_wconf 86' lang='lat' dir='ltr'>et</span> <span class='ocrx_word' id='word_1_214' title='bbox 506 3597 640 3669; x_wconf 87' lang='lat' dir='ltr'>Solibii</span> <span class='ocrx_word' id='word_1_215' title='bbox 659 3590 905 3708; x_wconf 79' lang='grc' dir='ltr'><strong>Ὁμοιόιητες</strong></span> <span class='ocrx_word' id='word_1_216' title='bbox 917 3619 992 3665; x_wconf 91' lang='lat' dir='ltr'>non</span> <span class='ocrx_word' id='word_1_217' title='bbox 1017 3621 1102 3666; x_wconf 88' lang='lat' dir='ltr'>raro</span> <span class='ocrx_word' id='word_1_218' title='bbox 1124 3592 1173 3667; x_wconf 81' lang='lat' dir='ltr'>ad</span> 
     </span>
     <span class='ocr_line' id='line_1_33' title="bbox 67 3692 1174 3793; baseline 0.003 -26.003"><span class='ocrx_word' id='word_1_219' title='bbox 67 3717 193 3792; x_wconf 85' lang='lat' dir='ltr'>partes</span> <span class='ocrx_word' id='word_1_220' title='bbox 220 3719 409 3779; x_wconf 80' lang='lat' dir='ltr'>vocantur.</span> <span class='ocrx_word' id='word_1_221' title='bbox 466 3700 683 3772; x_wconf 78' lang='lat' dir='ltr'>Ammonius</span> <span class='ocrx_word' id='word_1_222' title='bbox 707 3696 754 3771; x_wconf 89' lang='lat' dir='ltr'>id</span> <span class='ocrx_word' id='word_1_223' title='bbox 788 3695 879 3793; x_wconf 84' lang='lat' dir='ltr'>egit,</span> <span class='ocrx_word' id='word_1_224' title='bbox 913 3714 956 3775; x_wconf 85' lang='lat' dir='ltr'>ut</span> <span class='ocrx_word' id='word_1_225' title='bbox 976 3692 1174 3770; x_wconf 85' lang='lat' dir='ltr'>vocabulo·</span> 
     </span>
     <span class='ocr_line' id='line_1_34' title="bbox 67 3795 1174 3901; baseline 0.005 -32"><span class='ocrx_word' id='word_1_226' title='bbox 67 3822 150 3871; x_wconf 84' lang='lat' dir='ltr'>rum</span> <span class='ocrx_word' id='word_1_227' title='bbox 175 3798 373 3895; x_wconf 85' lang='lat' dir='ltr'>adfinium,</span> <span class='ocrx_word' id='word_1_228' title='bbox 399 3829 493 3901; x_wconf 87' lang='lat' dir='ltr'>quae</span> <span class='ocrx_word' id='word_1_229' title='bbox 512 3803 619 3898; x_wconf 84' lang='lat' dir='ltr'>vulgo</span> <span class='ocrx_word' id='word_1_230' title='bbox 643 3801 870 3873; x_wconf 80' lang='lat' dir='ltr'>habebantur</span> <span class='ocrx_word' id='word_1_231' title='bbox 883 3795 1042 3894; x_wconf 81' lang='grc' dir='ltr'><strong>Ὅμοια,</strong></span> <span class='ocrx_word' id='word_1_232' title='bbox 1070 3800 1174 3874; x_wconf 77' lang='lat' dir='ltr'>dille·</span> 
     </span>
     <span class='ocr_line' id='line_1_35' title="bbox 17 3896 1171 3977; baseline 0.003 -5"><span class='ocrx_word' id='word_1_233' title='bbox 17 3918 21 3925; x_wconf 85' lang='lat'>&#39;</span> <span class='ocrx_word' id='word_1_234' title='bbox 67 3902 222 3973; x_wconf 88' lang='lat' dir='ltr'>rentiam</span> <span class='ocrx_word' id='word_1_235' title='bbox 255 3901 465 3977; x_wconf 85' lang='lat' dir='ltr'>declararet.</span> <span class='ocrx_word' id='word_1_236' title='bbox 522 3903 610 3976; x_wconf 87' lang='lat' dir='ltr'>Non</span> <span class='ocrx_word' id='word_1_237' title='bbox 647 3901 851 3976; x_wconf 88' lang='lat' dir='ltr'>diffimilem</span> <span class='ocrx_word' id='word_1_238' title='bbox 879 3896 949 3971; x_wconf 89' lang='lat' dir='ltr'>fibi</span> <span class='ocrx_word' id='word_1_239' title='bbox 982 3903 1171 3975; x_wconf 85' lang='lat' dir='ltr'>materiam</span> 
     </span>
     <span class='ocr_line' id='line_1_36' title="bbox 67 4000 1172 4104; baseline 0.004 -31"><span class='ocrx_word' id='word_1_240' title='bbox 67 4000 244 4076; x_wconf 80' lang='lat' dir='ltr'>sumserat</span> <span class='ocrx_word' id='word_1_241' title='bbox 266 4007 439 4081; x_wconf 87' lang='lat' dir='ltr'>Seleucus</span> <span class='ocrx_word' id='word_1_242' title='bbox 466 4003 751 4100; x_wconf 80' lang='lat' dir='ltr'>Alexandrinus,</span> <span class='ocrx_word' id='word_1_243' title='bbox 785 4028 893 4099; x_wconf 89' lang='lat' dir='ltr'>quem</span> <span class='ocrx_word' id='word_1_244' title='bbox 922 4010 1006 4104; x_wconf 76' lang='grc' dir='ltr'>περὶ</span> <span class='ocrx_word' id='word_1_245' title='bbox 1034 4006 1100 4095; x_wconf 76' lang='grc' dir='ltr'>τῆς</span> <span class='ocrx_word' id='word_1_246' title='bbox 1128 4010 1172 4077; x_wconf 81' lang='grc' dir='ltr'>ἐν</span> 
     </span>
     <span class='ocr_line' id='line_1_37' title="bbox 65 4105 1173 4280; baseline -0.003 -101"><span class='ocrx_word' id='word_1_247' title='bbox 65 4106 311 4280; x_wconf 70' lang='lat' dir='ltr'>povoudpote</span> <span class='ocrx_word' id='word_1_248' title='bbox 340 4106 532 4212; x_wconf 75' lang='grc' dir='ltr'><strong>διαφωρας</strong></span> <span class='ocrx_word' id='word_1_249' title='bbox 559 4106 749 4209; x_wconf 81' lang='lat' dir='ltr'>lcripliss&#39;c‚</span> <span class='ocrx_word' id='word_1_250' title='bbox 781 4131 825 4182; x_wconf 75' lang='lat' dir='ltr'>ex</span> <span class='ocrx_word' id='word_1_251' title='bbox 856 4105 971 4182; x_wconf 83' lang='lat' dir='ltr'>Suida</span> <span class='ocrx_word' id='word_1_252' title='bbox 997 4106 1069 4180; x_wconf 87' lang='lat' dir='ltr'>snit</span> <span class='ocrx_word' id='word_1_253' title='bbox 1106 4107 1173 4179; x_wconf 88' lang='lat' dir='ltr'>ob·</span> 
     </span>
    </p>

    <p class='ocr_par' dir='ltr' id='par_1_4' title="bbox 83 4230 1154 4287">
     <span class='ocr_line' id='line_1_38' title="bbox 83 4230 1154 4287; baseline 0 -5"><span class='ocrx_word' id='word_1_254' title='bbox 83 4230 447 4287; x_wconf 77' lang='lat' dir='ltr'>erratum·</span> <span class='ocrx_word' id='word_1_255' title='bbox 849 4274 854 4281; x_wconf 91' lang='lat'>.</span> <span class='ocrx_word' id='word_1_256' title='bbox 1044 4266 1048 4271; x_wconf 84' lang='grc'>-</span> <span class='ocrx_word' id='word_1_257' title='bbox 1152 4262 1154 4267; x_wconf 90' lang='grc'><strong>-</strong></span> 
     </span>
    </p>
   </div>
   <div class='ocr_carea' id='block_1_4' title="bbox 0 0 1364 4764">
    <p class='ocr_par' dir='ltr' id='par_1_5' title="bbox 0 0 1364 4764">
     <span class='ocr_line' id='line_1_39' title="bbox 0 0 1364 4764; baseline 0 0"><span class='ocrx_word' id='word_1_258' title='bbox 0 0 1364 4764; x_wconf 95' lang='lat' dir='ltr'> </span> 
     </span>
    </p>
   </div>
  </div>
 </body>
</html>
