2700 4764
110 254 114 261 .
157 190 173 257 .‘
211 203 271 321 μ’,
294 231 341 371 κ
367 233 405 298 c.
428 227 1041 332 n.c.vAncKnNnn1un
1086 244 1163 309 ω
1268 253 1274 259 ·
1325 260 1329 267 ·

56 446 183 515 operae
198 420 255 487 hic
268 422 424 509 inpensae
437 429 596 509 poenitet.
626 503 630 509 ,
651 421 763 502 Quam
778 423 898 492 vellem
911 447 1006 506 vero,
1038 439 1077 491 ut
1091 451 1165 495 om·

56 551 137 606 nes,
168 532 227 614 qui
241 526 351 589 studiis
366 525 432 591 sese
457 526 598 605 dedunt,
631 523 799 611 Theologi
821 532 991 613 inprimis,
1022 553 1084 617 per
1105 532 1166 595 ali·

58 631 152 720 quod
171 629 287 693 saltem
308 639 442 716 tompus
465 628 507 693 ad
531 626 776 696 Grammaticos
791 633 940 701 animum
953 632 1165 719 adplicarent,

58 756 129 822 quo
143 739 190 797 ita
201 733 352 815 linguam
365 734 486 796 melius
503 730 754 817 cognoscerent,
792 754 917 820 penum
933 733 1025 798 suam
1041 736 1166 800 atinde

54 836 315 923 locupletiorem
330 833 503 903 reddituri.
555 834 731 914 Ceterum,
761 848 882 922 quanta
896 842 1009 922 potui,
1040 835 1167 903 hiand-

56 944 231 1003 curatione
244 936 322 1000 usus
336 934 419 1001 sum.
471 936 577 1003 Crifin
590 938 668 1025 plus
679 937 780 1002 semel
792 944 944 1020 exercui,
966 955 1093 1023 vorum,
1106 938 1166 1006 nisi

55 1039 178 1120 fallor,
210 1039 371 1120 modeste,
406 1062 466 1104 nec
487 1039 564 1119 nili,
598 1041 656 1103 nbi
680 1058 769 1126 opus-
786 1041 974 1106 videbatur:
1003 1043 1060 1108 odi
1078 1053 1166 1108 certe

57 1143 283 1209 inconsultam
315 1148 428 1207 omnia
457 1143 635 1209 innovandi
664 1149 893 1229 pruriginem,
927 1157 960 1210 et
975 1125 1053 1233 ¹pro
1076 1145 1166 1234 peste

57 1246 234 1311 literarum
248 1242 366 1310 babeo.
419 1247 496 1310 Tuo
509 1258 620 1310 autem
634 1245 791 1325 arbitrio,
816 1245 883 1310 Vir
896 1245 1167 1334 praecellentissi-

57 1370 134 1428 me,
162 1370 244 1436 quae
258 1347 387 1436 scripsl,
411 1347 494 1413 stent
509 1349 664 1413 cedantve
678 1347 839 1415 universa.
892 1350 992 1414 Nihil
1008 1349 1083 1414 sane
1093 1356 1168 1414 mi*

58 1448 97 1516 hi
110 1456 237 1538 gratius
252 1457 333 1530 erit,
360 1473 461 1539 qnam
476 1451 500 1515 fi
515 1462 698 1529 errantem,
730 1474 794 1539 qua
808 1473 842 1516 es
859 1448 1084 1532 humanitate,
1110 1475 1168 1517 co-

59 1560 163 1619 miter
175 1559 211 1616 in
224 1559 312 1618 viani
326 1554 508 1617 reduxeris.
550 1553 601 1618 Ita
612 1553 701 1632 vale,
723 1553 942 1621 laudatissime
954 1554 1167 1634 Valckenari,

60 1668 95 1721 et
114 1679 172 1723 me
192 1663 228 1720 in
251 1655 420 1743 posterum
448 1679 532 1727 ama.
605 1655 738 1722 Dabam
769 1654 915 1723 Traiecti
946 1658 989 1726 ad
1008 1643 1172 1746 Rhenum

60 1756 599 1859 aXXX.Ja11.MDCCLXVL
688 1798 691 1803 ·

165 2170 336 2241 Accedant
352 2195 435 2261 qnae
451 2172 525 2237 Car.
541 2172 714 2256 Segaarius
728 2171 961 2260 supplementi
982 2173 1057 2238 loco
1070 2194 1170 2262 praa·

64 2276 185 2344 sationi
215 2278 257 2341 ad
293 2275 546 2366 Observationes
575 2279 798 2369 Philologicaa
822 2293 855 2345 et
885 2280 1099 2371 Theologicna
1117 2281 1170 2347 ·in

63 2387 251 2476 Euangetii
263 2388 381 2453 Lucae
408 2386 531 2473 Capita
553 2384 618 2451 IX
643 2385 763 2472 priora
776 2377 925 2449 inseruit·

166 2524 238 2567 „·-
251 2486 289 2550 P.
301 2487 332 2550 8.
346 2498 379 2548 et
388 2483 476 2572 seqq.
489 2480 602 2547 notavi
615 2488 778 2548 variantes
792 2501 834 2545 ax
848 2480 999 2566 Etymol.
1014 2482 1105 2548 Trai,
1119 2484 1168 2548 le-

64 2596 200 2672 ctiones,
209 2589 314 2655 bonas
323 2593 448 2652 mixtas
456 2585 568 2651 malis:
583 2578 799 2671 hincscripfii
813 2587 956 2654 Dantur
963 2591 1000 2653 in
1010 2590 1170 2679 Nastroat

64 2699 260 2786 adaequem
268 2698 309 2760 in
318 2694 500 2761 Ammonio
515 2692 707 2756 lectiona'aet
719 2690 896 2756 nonnullae
907 2703 995 2758 certe
1007 2678 1172 2758 meliora,

64 2797 192 2863 Nullus
201 2793 404 2871 dubitabam,
420 2790 471 2854 Cl.
480 2788 642 2854 Valcken.
656 2793 692 2851 in
700 2790 883 2859 Animadv.
891 2810 994 2878 pam
1005 2813 1057 2880 19.
1067 2790 1170 2879 Frag-

58 2906 171 2968 menti
185 2893 358 2982 Aristoph.
377 2916 406 2959 v.
425 2887 589 2981 ‘Ynaya'w
607 2912 719 2956 veram
738 2891 857 2958 dedisse
869 2892 1068 2976 lectionem3
1106 2917 1170 2961 no·

59 3015 139 3070 tatu
150 3014 266 3066 tamen
279 2999 418 3085 dignum
430 2996 603 3060 videbatur
617 3020 758 3084 επαγεις,
776 2992 870 3085 ³qn0d
883 3000 919 3059 in
934 2995 1058 3064 Nostro
1072 3019 1171 3086 repe-

58 3105 214 3173 riebam:
242 3123 351 3191 neque
372 3115 406 3166 et
425 3098 491 3164 boc
513 3097 640 3187 respuit
663 3097 731 3164 Vir
750 3093 910 3183 magnae,
940 3122 1018 3166 cum
1040 3099 1169 3182 Graeci,

61 3222 104 3275 nt
135 3211 283 3295 διδοναι,
319 3202 362 3267 sro
386 3215 419 3268 et
447 3227 579 3290 επαγειν
608 3195 724 3295 ὁρκον,
751 3206 889 3295 adigere
918 3206 1170 3288 iusiurandum,
1236 3214 1263 3291 ἦ
1297 3200 1320 3275 s

60 3317 209 3406 adigere
215 3307 433 3400 sacramente
439 3355 451 3388 ‚
475 3307 596 3372 dicant.
645 3305 800 3373 Placebat
820 3305 880 3395 ipfi
894 3307 978 3375 illud
993 3312 1171 3402 διρματιον
1298 3344 1323 3419 ·’

58 3439 133 3506 pro
153 3418 259 3504 δερμα
283 3441 317 3482 τι
335 3417 495 3500 ἰηΠειρα
507 3435 534 3479 κ.
554 3438 589 3481 π.
648 3406 734 3474 Dixi
753 3432 829 3498 pag.
856 3432 909 3475 11.
928 3434 958 3475 v.
981 3410 1169 3503 Appadana,

58 3520 159 3586 Trai.
181 3541 243 3606 pro
261 3511 304 3596 ὠς
326 3522 560 3608 Αριστοφανης
573 3537 656 3610 φησι
667 3510 807 3592 habere,
829 3507 917 3583 ὀὑτω
930 3515 1170 3607 Αριστοτεληςε

58 3626 203 3689 monuit
218 3642 273 3685 me
290 3619 340 3684 ct
358 3616 517 3682 Valcken.
531 3619 655 3701 indicio
668 3613 879 3698 Ruhnkenii,
902 3623 939 3682 in
954 3617 1037 3682 Cod.
1050 3616 1170 3682 Parifi-

60 3720 136 3805 onfi
149 3728 196 3788 ita
212 3743 345 3810 quoque
367 3714 449 3805 legi:
478 3721 595 3787 deinde
617 3742 648 3785 v.
670 3724 778 3809 I'apua
797 3719 941 3783 eundem
962 3730 1093 3806 praeter
1116 3742 1169 3785 ce-

62 3842 141 3894 tera
164 3824 323 3915 praebere
348 3850 382 3892 ex
406 3849 469 3892 των
491 3831 697 3912 Αρισιανου,
728 3821 817 3911 quod
834 3827 1001 3908 egregiam
1015 3825 1171 3888 emenda·

60 3937 199 3996 tionem
219 3931 335 3999 Anim.
356 3948 431 4013 pag.
457 3929 514 3990 51.
535 3923 741 4013 propositam
755 3922 952 4007 'confirmat5
974 3921 1124 3992 similiter
1137 3937 1170 3992 et

63 4036 209 4118 Kadag,
226 4053 246 4095 a
266 4029 316 4095 Cl.
336 4026 514 4093 Ruhnken.
530 4033 657 4115 optime
676 4031 713 4089 in
731 4029 878 4117 Αρκαδες
892 4038 1168 4094 transmutatum:
1283 4083 1287 4096 .

65 4138 214 4224 denique
233 4138 269 4197 in
284 4154 324 4197 eo
344 4131 404 4196 snb
419 4136 556 4197 nomine
578 4132 817 4222 Ernttstbnzia,
844 4130 1033 4199 Traiectino
1046 4132 1170 4200 laudati

66 4258 102 4307 v.
117 4247 348 4332 Aneunpaaroa
364 4257 399 4325 p.
418 4235 473 4303 adt
492 4235 606 4324 plures
628 4233 753 4298 exliare
766 4232 945 4300 verborum
959 4231 1176 4397 diffssfflllsse
