2700 4764
79 210 304 323 sumu
538 235 1025 300 ruanrtrros

175 409 271 483 (licta
302 405 400 499 sunt,
432 405 472 480 in
502 404 738 481 Ammonium
767 404 929 479 universa
951 402 1143 480 commode
1164 428 1276 481 trana-

69 580 72 587 .
175 514 261 588 ferri
286 509 446 611 pollunt3
471 508 537 582 nili
559 506 663 608 quod
689 510 751 585 hic
782 507 889 583 etiarn
912 507 1096 607 diligentia
1118 531 1153 581 et
1177 508 1276 585 iudi·

174 614 280 689 candi
313 615 479 686 facultate
513 612 650 711 egregie
689 611 825 687 enituit.
891 609 1115 686 Eruditionia
1153 633 1279 689 autem

174 718 254 792 laus
293 714 478 792 Ammonii
519 714 659 789 nomini
693 714 804 790 veluti
844 715 991 815 propria
1035 716 1117 787 suit.
1179 713 1276 791 Nam

174 819 362 895 Ammonii
400 818 574 893 Hermeae
608 814 768 920 scriptis,
807 844 898 915 quae
929 815 976 889 nd
1009 844 1074 891 uos
1108 845 1278 919 perrene-

175 921 394 1015 mnt,'nihil
416 921 465 995 est
486 919 701 1020 castigatiur3
727 920 789 994 hic
811 920 978 995 materiae
993 920 1169 1007 tristitiam
1183 919 1275 1021 stylo

173 1026 272 1099 faciti
297 1049 402 1126 atque
422 1026 538 1099 nitido
559 1023 665 1116 texit,
689 1045 726 1097 et
745 1020 912 1116 monilis,
938 1048 1030 1120 quos
1048 1023 1188 1124 scriptis
1203 1025 1275 1098 luis

173 1128 367 1220 interserit,
403 1126 593 1203 Poetarum
627 1123 806 1202 verlioulis
840 1126 1022 1221 mitigavit.
1079 1128 1278 1226 Antiquio-

66 1264 69 1270 ·
174 1258 254 1303 rum
272 1231 530 1329 cognominum
545 1229 709 1303 meminit
723 1229 908 1329 Longinus
927 1230 965 1300 in
985 1228 1130 1303 maioris
1144 1233 1277 1332 operia,

174 1334 275 1432 quod
295 1333 467 1432 tuperest,
489 1336 708 1430 fragment03
730 1358 889 1431 quorum
911 1333 1063 1405 alterum
1085 1332 1274 1432 praestanti

175 1433 339 1516 doctrina
366 1434 585 1532 praeditum,
618 1437 769 1509 alterum
792 1432 904 1510 vastae
929 1433 1141 1509 eruditionis
1164 1435 1273 1512 laude

173 1536 265 1611 adeo
284 1538 391 1611 etiam
411 1536 593 1612 eminuille
609 1538 771 1630 testatur,
793 1558 834 1613 ut
848 1538 1030 1610 nemiuem
1050 1536 1151 1612 fuill'e
1166 1539 1274 1634 dicat,

172 1638 242 1714 hac
263 1641 299 1714 in
322 1663 421 1734 parte
446 1640 643 1716 Ammonio
665 1638 959 1741 comparandum.

274 1743 314 1816 Si
333 1764 451 1817 autem
471 1743 572 1818 laudi
592 1744 762 1835 ducitur,
789 1743 835 1816 ab
856 1740 997 1817 idoneis
1024 1740 1273 1819 laudator-ilius

161 1847 291 1943 magui
317 1846 510 1939 aestimari,
547 1844 743 1921 felicillima
770 1844 845 1920 lora
876 1846 1121 1921 Grammatico
1148 1846 1271 1922 nostro

170 1950 394 2047 praeclarum
420 1948 460 2019 in
485 1948 636 2023 modum
673 1948 810 2046 obtigit.
867 1947 988 2021 Huius
1022 1950 1119 2025 euim
1154 1949 1273 2024 libelli

43 2092 47 2097 >
88 2066 92 2073 “
171 2071 353 2123 auctorem
397 2053 569 2147 inprimis
616 2055 747 2125 bonum
796 2072 898 2125 vocat
943 2051 1154 2152 Leopard'us
1202 2054 1272 2126 Xl.

170 2148 323 2225 Emeud.
349 2181 378 2226 c.
401 2177 452 2225 x1.
479 2160 605 2228 Bonus
630 2156 802 2251 inprimis
831 2158 882 2248 est
909 2157 1041 2229 author
1061 2159 1274 2231 Herennius

40 2249 46 2279 ¹
100 2318 109 2329 .
171 2258 292 2347 Philo,
331 2283 438 2352 quem
475 2261 600 2353 vulgus
641 2260 882 2335 Ammoninm
918 2273 1035 2355 vocat.
1099 2256 1275 2361 Iosephus

41 2407 44 2414 -
172 2356 350 2454 Scaliger,
379 2361 437 2439 De
469 2359 621 2434 Emend.
649 2359 778 2459 Temp.
811 2359 843 2434 I.
876 2387 911 2459 p.
940 2365 1002 2439 26.
1032 2364 1275 2439 Ammonium
1314 2445 1317 2449 ⁴

169 2464 436 2554 vetustiffimum
467 2461 573 2557 dicit,
603 2479 639 2536 et
660 2462 940 2564 eruditrffimrtm
962 2466 1272 2540 Grammatieum:

173 2556 341 2636 Tiberioi
364 2564 682 2659 Hemllerhuifius‚
700 2571 923 2662 scriptorem
948 2570 1185 2663 utilrffimum‚
1223 2571 1272 2644 ad

77 2728 108 2753 ‚¹
174 2663 267 2743 Poll,
287 2667 371 2741 Vll.
398 2678 480 2762 178.
510 2671 555 2743 In
576 2672 633 2743 his
654 2669 841 2763 laudibus,
862 2668 1004 2770 quibua,
1026 2698 1105 2745 mea
1124 2671 1274 2773 quidem

78 2872 82 2877 ἱ
175 2769 363 2870 opinione,
382 2773 497 2849 maior
518 2772 597 2847 dari
621 2802 695 2849 non
720 2770 851 2875 potest,
871 2770 1017 2847 tandem
1039 2772 1170 2849 deliuo.
