2700 4764
198 265 201 276 ’
274 238 731 313 AMMONIUMLln.
756 243 784 313 Ι.
805 244 904 314 Otr.
927 243 1020 314 VII.
1163 252 1209 316 23

96 422 370 561 Ἀπελεῦθερος
397 473 453 535 καὶ
485 454 945 564 Ἔξολεὺθοροςῖὃιαφὲρεο.]’
972 458 1210 565 Isari-eddam

97 575 256 644 libertum
278 570 374 636 dicit:
404 570 456 650 id,
487 595 554 660 quo
578 570 761 650 adseratur,
788 594 860 639 non
878 572 1017 658 indiget.
1079 572 1208 639 Diversi

99 680 229 763 generis
257 675 342 740 olim
363 671 428 737 fuit
454 667 709 768 Ἐξελεύθερος,
745 675 896 763 quamtis
921 677 1100 748 Ammonii
1126 700 1207 744 aevo

96 777 290 867 promiscue
310 773 392 840 haec
413 777 574 844 vocabula
595 777 750 865 usurpari
772 766 962 866 coeperint,
1011 781 1072 866 ἤδη
1094 784 1207 868 μέντοι

95 889 152 950 καὶ
178 873 368 976 ἀδιαφόροις
388 879 533 972 χρῶνται
559 888 626 963 τοῖς
647 875 819 968 ὀνόμασιν.
848 882 938 970 quod
960 897 994 949 et
1013 907 1056 950 ex
1072 889 1207 965 Polluce

96 983 158 1052 III.
185 983 241 1048 83.
268 1007 287 1048 a
315 987 473 1078 Sabnafio
501 991 602 1050 citato
646 983 779 1050 constat.
837 982 1089 1073 Dispiciendnm
1115 1011 1205 1067 vero,

95 1093 172 1178 quis
194 1093 333 1174 proprie
352 1081 577 1182 Ἑξολεύθερος
597 1092 781 1176 antiquitus
801 1085 904 1152 fuerit
927 1088 1050 1169 dictus3
1071 1095 1107 1152 in
1126 1112 1205 1155 eum

94 1189 200 1256 finem
218 1189 437 1256 Grammatici
457 1193 559 1258 nostri
571 1191 672 1257 verba
690 1189 746 1255 hio
765 1191 923 1278 ponenda
944 1191 1035 1261 sunt:
1061 1185 1205 1277 Ἕξελεύ·

95 1299 201 1384 &opor
225 1297 275 1382 tt,
299 1288 319 1362 ὁ
342 1290 515 1384 γενόμενος
529 1289 588 1365 dcc}
607 1300 686 1390 χρέα
708 1289 933 1386 occani-otor,
959 1293 980 1379 ἢ
1001 1293 1087 1365 κατα
1103 1296 1205 1380 ἄλλην

95 1391 172 1468 τινα
199 1395 308 1466 αἰτίαν
332 1395 523 1491 δουλεύσας,
549 1394 620 1470 εἶτα
638 1403 886 1492 ἐλευθερωθεὶς.
917 1399 1074 1464 Primum
1100 1400 1203 1479 litem,

96 1524 200 1592 qnam
230 1500 331 1588 super
362 1500 429 1567 hoc
461 1503 537 1568 loco
566 1511 734 1591 agitaruut
764 1505 941 1599 Solmofior
966 1513 998 1566 et
1015 1506 1203 1583 Herolduc,

93 1609 228 1693 paucis,
250 1600 387 1691 fipote‚
413 1627 597 1694 exponam:
630 1605 748 1670 deinde
769 1604 1085 1670 animadversionem
1099 1627 1202 1669 unam
1239 1657 1249 1685 Ι.
1298 1659 1307 1667 .

91 1716 129 1769 et
152 1705 309 1785 alteram,
338 1728 421 1793 quae
442 1705 568 1770 difficili
589 1711 747 1772 materiae
774 1707 897 1793 aliquid
920 1707 1003 1770 lucis
1026 1707 1126 1795 possit
1148 1729 1203 1771 nc-

93 1806 255 1886 candere,
294 1805 456 1872 adiiciam.
514 1809 616 1873 Prior
631 1850 633 1858 ·
650 1812 827 1905 Solnufiuc
856 1829 974 1872 -vocem
1002 1805 1204 1901 προσήλυπος

90 1929 266 1996 exponere
288 1909 455 1996 adgressus
475 1910 520 1977 est
533 1912 573 1976 de
591 1911 697 1981 Modo
715 1909 815 1976 Usur.
833 1933 904 1997 cap.
920 1908 1051 1975 XVIII.
1067 1936 1100 1999 p.
1120 1910 1203 1989 803,

61 2024 69 2039 ²
91 2023 129 2076 ot
142 2035 215 2100 cap.
229 2010 328 2076 XIX.
349 2036 384 2100 p.
408 2013 491 2103 875.
542 2013 655 2078 Huius
676 2011 920 2101 expositionem
940 2019 1056 2079 reiecit
1075 2016 1203 2083 Hercl-
1269 2077 1272 2081 .

93 2118 176 2197 dus,
199 2127 232 2179 et
246 2137 317 2179 non
329 2120 504 2182 nominato
523 2115 723 2196 adversario,
749 2117 849 2181 aliam
873 2121 1099 2194 coniecturam
1118 2139 1203 2204 pro·

92 2220 174 2282 tulit
194 2216 235 2282 de
256 2217 336 2281 Rer.
359 2217 462 2282 Iudic.
484 2225 638 2284 auctorit.
659 2218 702 2284 ΙΙ.
727 2214 1022 2309 c.XXIV.§.17.
1043 2219 1083 2283 Id
1104 2240 1202 2305 aegre

92 2323 173 2385 tulit
188 2324 383 2416 Solmcfinc,
406 2331 439 2384 et
453 2343 523 2386 non
543 2321 610 2387 fine
630 2334 723 2388 aceto
745 2321 942 2395 sententiam
965 2320 1058 2387 sunm
1074 2329 1200 2389 iterum

88 2420 272 2513 'proposuit
290 2422 370 2490 obs.
386 2423 427 2487 ad
444 2423 470 2488 Ι.
487 2420 530 2490 A.
547 2437 579 2490 et
592 2425 635 2490 R.
651 2449 678 2490 c.
692 2424 753 2490 XI.
769 2449 803 2512 p.
819 2425 902 2490 336.
949 2425 1101 2490 Tandem
1124 2429 1201 2494 He·

92 2530 219 2615 saldae,
242 2526 333 2615 quod
353 2525 455 2591 semel
473 2527 678 2608 adsernerat,
705 2527 875 2592 dimittere
888 2526 1033 2604 nescius,
1064 2532 1200 2612 opinio-

90 2647 173 2696 nem
209 2629 301 2693 suam
341 2628 537 2709 vindicavit,
577 2643 610 2695 et
641 2631 757 2694 multis
785 2629 950 2693 adsiruere
977 2639 1115 2690 conatus
1142 2627 1196 2707 est,
1218 2635 1261 2694 30

92 2732 273 2806 ‘Animadn
296 2737 334 2796 in
353 2735 456 2800 Sasm.
480 2729 562 2796 Obs.
583 2733 627 2796 L.
647 2731 710 2795 IV.
733 2753 760 2795 c.
773 2730 819 2793 X.
835 2725 860 2814 ᾗ.
879 2751 908 2792 2.
926 2729 959 2792 3.
975 2740 1009 2791 et
1024 2727 1112 2816 seqq.
1164 2729 1200 2793 Si

93 2841 170 2925 quis
185 2846 281 2901 extra
294 2831 483 2921 disputandi
498 2834 661 2912 calorem,
687 2838 742 2920 qui
759 2853 900 2917 magnos
918 2829 1014 2916 saepe
1029 2834 1118 2894 viros
1132 2835 1200 2918 egit

90 2943 309 3029 praecipites,
340 2935 553 3016 constitutus,
589 2934 653 3001 hac
685 2936 726 3000 de
753 2956 790 2998 re
818 2933 963 2997 iudicare
990 2933 1085 3011 velit,
1122 2945 1200 2999 ante

93 3047 208 3106 omnia
225 3038 349 3104 necesse
364 3037 424 3117 est,
444 3062 518 3103 rem
532 3039 673 3129 ipsamn
693 3042 830 3102 nomine
850 3033 1015 3110 abstrahat
1035 3046 1067 3100 et
1088 3035 1198 3102 seiun-

90 3154 164 3230 gat.
193 3145 409 3239 ·Solmofiom
422 3149 509 3206 Inter
525 3154 557 3207 et
577 3146 773 3213 Herolcham
792 3144 961 3217 convenit,
988 3140 1199 3232 ἐξελευθέρου

88 3252 230 3310 nomine
243 3246 345 3309 talem
359 3245 528 3324 denotari,
552 3253 609 3335 qui
627 3251 792 3326 libertati,
817 3271 917 3337 quom
929 3256 1066 3336 propter
1085 3247 1197 3314 debita

89 3347 271 3438 amiserat,
294 3353 405 3444 fiterit
426 3352 611 3443 rssitntur;
638 3357 675 3414 in
695 3368 870 3414 vocavero
900 3342 1104 3436 προσήλυτος
1135 3366 1196 3408 ex-

87 3453 245 3540 plicanda
258 3450 452 3526 abinvicem
475 3451 655 3516 discedunt.
683 3453 860 3540 Salmefio'r
874 3445 1077 3538 προσήλυτον
1091 3454 1195 3515 inter-

87 3567 244 3646 pretatur
261 3558 452 3640 addictom‚
471 3561 529 3646 qai
538 3551 661 3648 sponte
665 3553 709 3646 se
724 3560 760 3622 in
764 3551 968 3641 servitutem
983 3554 1080 3619 daret
1085 3578 1099 3638 ,·
1123 3553 1195 3618 He-

86 3654 208 3730 raldussr
222 3657 263 3720 de
281 3679 321 3721 eo
335 3657 564 3741 accipiendum
586 3656 786 3746 suspicatur,
807 3660 867 3746 qui
880 3668 1019 3747 propter
1038 3680 1095 3722 aer
1115 3657 1195 3722 olie-

88 3778 175 3833 n'um
190 3767 228 3829 in
239 3762 541 3852 olicuimfundum
561 3766 721 3855 confugit.
743 3757 911 3823 Posterior
925 3752 1008 3819 haec
1022 3754 1192 3837 sententia,

87 3866 187 3930 nullo
206 3875 340 3927 auctore
359 3868 455 3939 nixa,
479 3859 597 3948 sponte
621 3864 678 3929 sua
698 3861 836 3939 diffluit3
859 3881 937 3922 nam
960 3860 1050 3946 quod
1072 3865 1108 3922 in
1131 3881 1191 3945 pa·

88 3972 273 4033 trocinium
295 3964 393 4028 suum
408 3969 562 4035 Solviooi
575 3966 689 4029 Iocum
702 3964 836 4028 advocet
856 3966 1049 4044 Heratdas,
1069 3963 1105 4026 id
1120 3963 1191 4024 love
1231 4036 1233 4043 ‚

88 4071 150 4151 est,
178 4081 211 4134 et
242 4068 284 4132 ad
315 4066 477 4132 Graecam
506 4067 794 4143 consuetudinem,
828 4088 928 4152 quam
947 4067 1066 4153 procul
1088 4063 1190 4127 dubio

86 4180 199 4264 tangit
219 4173 441 4257 Ammonius,
473 4170 561 4239 nihil
587 4172 752 4238 conducit.
809 4169 954 4257 Propius
986 4167 1121 4256 quidem
1147 4160 1189 4226 nd
