2700 4764
434 206 826 270 russanrrrro.
1117 242 1187 284 ,m

79 380 205 456 Schol.
234 375 482 476 Aristophanis
512 404 586 450 uno
619 376 657 449 i'n
673 436 676 443 .
691 377 793 469 loco,
826 378 945 477 postea
975 385 1080 458 nobis
1104 388 1183 462 usui

77 484 220 573 futuro,
246 479 413 553 disertam
438 480 625 553 Ammonii
650 481 870 554 mentionem
894 485 1029 559 iniecit.

175 578 261 657 Plus
294 584 408 656 nimio
442 584 534 655 forte
561 581 726 654 verbosus
752 609 829 655 eam
855 587 962 658 alicui
994 592 1179 689 cogitatio·

77 714 161 760 nem
183 686 309 777 inieci,
334 713 431 757 nunc
457 683 604 757 tandem
630 685 882 779 Ammonium,
914 688 1005 764 serio
1035 694 1179 794 castiga.

75 810 173 883 tum,
202 811 238 861 et
267 788 432 862 omnibus
464 786 605 859 mendis
636 787 808 885 liberum,
838 791 877 862 in
907 793 1024 877 lucem
1053 799 1177 872 emitti.

76 891 153 962 Sed
188 892 341 963 multum
372 890 510 963 fallitur
518 932 543 983 ,·
568 891 631 988 qui
659 888 698 961 id
730 891 767 962 in
798 893 956 987 animum
989 898 1092 969 suum
1116 902 1177 973 ·in-

76 993 194 1071 ducit..
239 994 339 1079 Quae
368 993 459 1066 MS..
474 1014 534 1064 aut
558 993 680 1092 prima·
695 993 814 1066 :editio
843 997 990 1070 meliora
1009 999 1180 1100 suppedi-

75 1099 215 1189 tabant,
252 1124 292 1189 ea
335 1098 542 1183 intextum
581 1099 710 1193 (quem
742 1107 948 1193 vocamus).
966 1105 1101 1201 recepi,
1141 1128 1177 1179 et

75 1198 235 1297 vulgatae
245 1200 433 1291 iectionis,
458 1226 567 1298 quam
586 1199 624 1278 in
647 1199 740 1270 notis
755 1226 921 1297 propono
929 1238 945 1293 ,.
961 1203 1043 1276 loco
1061 1207 1175 1304 posui.

74 1300 209 1375 Eadem
232 1302 339 1375 etiam
364 1301 490 1380 cedere
517 1299 642 1374 debuit
669 1301 841 1374 Virorum
860 1303 1064 1378 Doctorum
1090 1337 1178 1382 con·

74 1403 240 1497 iecturis,
267 1405 294 1479 fi
320 1431 421 1480 verae
449 1405 681 1496 videbantur,
716 1404 783 1478 five
809 1404 903 1477 illae·
919 1406 972 1479 ad·
991 1411 1178 1484 Ammonii

73 1509 179 1579 verba
202 1508 437 1607 pertinerent,
464 1506 531 1591 ¹seu
563 1505 610 1579 ad
638 1507 811 1580 Veterum
838 1509 1042 1607 fragmenta.
1097 1514 1177 1587 Me.

73 1610 248 1689 tricarum
272 1612 392 1707 legum
416 1609 585 1689 indecora
608 1608 792 1704 ignoratio·
810 1636 868 1682 me
891 1638 965 1684 non
993 1613 1184 1710 deterruit,'·

73 1712 169 1808 quin
198 1711 435 1784 Menandreas
463 1710 618 1782 Bentleii
654 1708 918 1789 emendationes
953 1714 992 1786 in
1027 1720 1177 1791 Ammo.

71 1814 178 1886 nium
209 1811 484 1885 introducerem.
546 1810 646 1883 Haec
679 1832 817 1883 tantum
851 1810 952 1906 sunt,
996 1845 1015 1888 c
1046 1821 1176 1914 quibus

73 1914 486 2016 melior=fieri.pottrerit
510 1911 647 1986 Noster.
681 1912 801 2006 Meas,
821 1940 909 2013 quas
931 1916 1033 2013 dico,
1056 1948 1185 1995 emen·-

76 2017 261 2110 detiones,
294 2042 382 2113 quas
411 2013 637 2092 coniectandi
674 2016 772 2089 calor
801 2037 847 2088 et·
866 2019 1018 2092 aliorum
1047 2022 1176 2095 Gram-

73 2120 286 2195 maticorum
324 2121 485 2203 collatio.
515 2116 841 2211 subministrarunt,
887 2122 1019 2195 etiamfi
1066 2153 1177 2220 veras,

73 2223 273 2297 Ammonio
304 2250 390 2296 non*
411 2221 557 2299 restitui.
605 2219 891 2294 Formidolosam
924 2244 1043 2319 tamen
1081 2228 1177 2301 hanc

76 2325 206 2425 agendi
228 2325 402 2399 rationem
431 2324 521 2399 adeo
550 2348 624 2394 non
649 2325 784 2421 probo,
816 2327 979 2398 utnulla
1003 2329 1110 2402 etiarn
1135 2331 1179 2404 lit

79 2428 195 2505 animi·
222 2428 294 2500 mei
325 2427 468 2525 ingenio
505 2425 616 2523 magis
651 2426 836 2499 contraria.
886 2427 1024 2500 Verum
1051 2456 1187 2529 pravae·

76 2529 303 2629 quorundam
335 2528 587 2603 consuetudini
606 2554 712 2598 nunc
751 2527 900 2623 quidem
934 2531 1178 2606 obsecundan-

70 2634 170 2729 zdum
194 2631 351 2726 credidi,
365 2682 368 2688 -
384 2653 419 2704 et
450 2631 489 2719 in
518 2629 612 2701 hanc
635 2650 773 2728 partem
797 2655 944 2726 peccare
972 2630 1189 2708 adolescem-

73 2736 148 2809 tior
169 2736 288 2807 malui.

95 2912 99 2925 Ι
180 2836 337 2909 Plurima
380 2832 623 2908 remanserunt
665 2832 703 2911 in
733 2833 936 2912 ¹Ammonio
979 2835 1174 2911 etiamnum

75 2937 284 3013 eruditioris
316 2967 441 3012 manus
467 2936 608 3034 indiga,
639 2934 722 3005 talia
747 2933 929 3030 quinimo,
963 2965 1054 3035 quae
1073 2968 1174 3015 men.

75 3042 164 3115 dola
187 3039 254 3114 effe
284 3069 329 3115 ne
357 3039 551 3139 suspicatus
584 3036 733 3123 fuerim3
767 3035 877 3135 idque
908 3067 1024 3139 nuper
1051 3043 1179 3135 admo<

76 3144 168 3217 dum
199 3145 338 3242 egregio
357 3142 589 3216 documento
621 3138 734 3210 didici
775 3167 817 3212 cx
845 3139 1176 3220 rEmendationibus

11 3276 19 3297 ·’
74 3247 228 3320 Henrici
249 3245 399 3337 Valerii,
423 3260 496 3343 'quo
517 3242 741 3342 pulcerrimo.
760 3241 982 3318 incremento
1014 3249 1176 3320 criticam

72 3346 232 3443 nostram
259 3346 528 3446 ,supellectilem
568 3344 680 3415 ditare
721 3343 852 3434 voluit,
898 3347 969 3442 qui.
998 3350 1175 3422 maiorum

73 3453 242 3528 suorum·
263 3452 397 3523 'famam
444 3447 551 3547 digne
599 3465 735 3537 tuetur,
785 3444 910 3518 Petrus
950 3446 1176 3533 Burmannus

71 3554 131 3627 Fr.
158 3554 197 3627 F.
475 3624 478 3629 .
509 3616 512 3623 .
711 3610 713 3615 -
998 3568 1002 3575 '

156 3654 324 3735 ..Praeter
350 3655 588 3744 coniecturas,
614 3652 778 3725 locorum
799 3652 843 3722 ab
866 3651 1067 3743 ,Ammonio
1093 3657 1178 3729 cita·

72 3781 196 3833 torum
216 3756 360 3847 indicia,
381 3777 415 3827 et
436 3756 587 3827 aliorum
608 3753 931 3825 Grammaticorum
951 3782 1034 3827 cum
1056 3757 1175 3832 nostro

73 3859 287 3935 consensum
306 3846 410 3929 unihil
436 3854 501 3947 est,
528 3855 629 3951 quod
658 3856 696 3925 in
732 3855 825 3927 notis
858 3855 949 3926 mihi
983 3860 1177 3958 proposuc-

74 3965 154 4037 rim.
208 3960 271 4034 Ad
290 3959 586 4038 severamcotem
608 3954 767 4027 universa
790 3959 1022 4029 Grammatici
1048 3962 1177 4058 placita

73 4064 217 4162 exigere
236 4095 240 4102 ·
258 4089 378 4158 neque
416 4059 520 4135 volui
563 4084 679 4155 neque
717 4058 829 4154 potui.
889 4060 963 4144 Qui
1007 4061 1053 4132 ad
1092 4090 1176 4135 eum

72 4166 228 4245 modum
247 4165 415 4243 minores
452 4160 712 4241 Grammaticos
745 4161 948 4233 tractandos
985 4159 1052 4233 fibi
1081 4163 1174 4233 l'urn·

949 4265 968 4323 b
