2700 4764
422 193 820 284 PRAEFATIO·
951 234 959 243 ·
1121 225 1182 265 xm

79 368 260 448 scribendi
297 365 528 458 methodum,
571 365 693 464 quoad
731 368 863 468 primas
900 395 1028 443 vocum
1063 373 1181 454 literas

81 472 307 576 indigestam,
339 470 491 542 huiusce
514 469 865 570 moduli-scriptores
890 472 980 546 adeo
1012 476 1181 572 frequen·

79 580 261 668 taverunt,
301 597 342 647 ut
385 600 430 645 ne
466 571 689 646 Ptolemaeus
733 575 900 670 quidem,
949 579 1015 677 qui
1049 578 1181 652 dicitur

82 681 305 771 Ascalonita,
332 678 376 748 ab
404 704 444 749 ca
469 675 540 749 sese
563 676 778 750 abstinuerit.

184 781 327 861 Deinde
361 779 557 853 versionem
593 781 790 853 Ammonio
829 809 902 856 non
940 783 1066 856 adieci.
1120 786 1181 859 Ob

82 890 247 977 vulnera,
283 910 374 982 quae
415 883 610 956 Ammonio
648 882 871 978 inflixerunt,
908 887 1001 960 nihil
1039 916 1105 986 ego
1143 891 1183 962 in

82 990 248 1065 librarios
284 1009 417 1062 veteres
456 986 594 1083 gravius
636 985 831 1059 dicendum
863 991 1076 1085 censuerim3
1110 992 1183 1091 pri·

84 1124 195 1188 mum,
222 1092 392 1192 quoniam
415 1111 601 1170 auctorum
626 1092 707 1164 loca
731 1089 929 1164 describere
954 1123 1027 1167 non
1050 1094 1183 1167 fastidi·

84 1219 226 1297 verunt,
268 1192 420 1286 deiude,
457 1192 541 1289 quia
571 1220 751 1287 errorum,
794 1197 1184 1293 quos'cornmiseruut,

85 1299 290 1374 incredibili
313 1296 544 1369 multitudine
572 1297 655 1369 illos
679 1323 802 1371 ornnes
826 1296 1091 1392 deterruerunt,
1120 1300 1184 1396 qui

84 1406 172 1480 olim
209 1403 247 1474 in
280 1398 532 1473 huiuscemodi
566 1399 672 1472 etiam
704 1401 806 1473 libris
841 1401 967 1474 Latine
1004 1404 1185 1477 vertendis

85 1507 271 1583 obscuram
304 1530 450 1603 operam
484 1502 719 1576 collocarunt.
775 1505 924 1602 Saepius
960 1505 1081 1579 animo
1121 1508 1186 1580 ob·

83 1610 239 1684 versatur
258 1605 416 1679 calidum
434 1605 593 1689 bominis
615 1604 860 1699 venustilsrmi,
880 1607 1015 1679 Mureti
1037 1608 1187 1702 dictum,

82 1712 151 1787 sed
178 1713 218 1783 in
245 1710 338 1781 hanc
367 1705 603 1806 ren1.oppido
626 1729 872 1805 opportunum
904 1736 946 1781 ex
973 1711 1055 1783 Var.
1084 1713 1185 1785 Lect.

55 1814 151 1890 *Ill
180 1841 209 1885 c.
233 1837 293 1885 xv.
329 1814 565 1899 Convertunt,
593 1823 658 1881 aut
684 1814 868 1884 invertunt
881 1817 1011 1907 potius
1033 1829 1068 1885 et
1089 1843 1187 1911 per-

43 1948 47 1954 ·
83 1933 231 1995 vertunt
259 1912 404 2005 omniu,
430 1958 482 1973 -
521 1915 810 2005 Grammaticos,
845 1918 959 1986 etiam
990 1947 1055 2008 ea,
1093 1946 1188 2014 quoe

84 2038 285 2112 naturam,
324 2033 363 2089 ut
400 2020 495 2111 verti
524 2019 673 2112 poffint,
712 2043 786 2088 non
818 2019 962 2090 habent.
1026 2021 1078 2093 Ex
1112 2048 1186 2097 nno
1235 2052 1239 2063 ·

86 2125 270 2222 Scaligero
299 2120 374 2221 peti
431 2118 518 2193 otest
549 2117 688 2217 aliquid
718 2148 786 2225 pro
815 2122 945 2193 talibus
969 2122 1189 2197 verstouibus

84 2225 263 2330 praesidii,
287 2252 369 2296 nam
394 2150 591 2322 sbrynichi
613 2221 807 2325 versionem
833 2222 982 2299 subinde
1009 2229 1187 2327 corrigere

84 2329 233 2404 nonest
261 2327 482 2427 aspernatus,
516 2347 551 2399 et
579 2322 802 2399 Nunnelium
830 2328 1059 2428 interpretem
1085 2351 1189 2404 vocat

85 2434 236 2506 doctum
273 2453 307 2503 et
333 2451 549 2501 accuratum.
612 2429 730 2515 Quare
765 2429 991 2527 Emmanueli
1028 2433 1189 2505 blartino

86 2536 181 2610 nihil
216 2530 384 2624 detrahe,
422 2533 485 2630 qui
525 2560 591 2632 pro
628 2533 794 2629 lirtgulari
824 2534 861 2605 in
889 2556 1040 2632 utraque
1066 2536 1188 2633 lingua

87 2637 216 2741 peritia
253 2663 345 2708 unus
378 2638 469 2708 sorte
500 2636 661 2734 parsuit
688 2637 884 2710 Ammonio
915 2636 1042 2710 Latine
1079 2639 1188 2709 inter·

88 2739 282 2842 protendo,
316 2738 418 2835 quod
445 2758 564 2809 tamen
596 2738 660 2809 rite
688 2737 766 2806 ficri
789 2737 845 2809 vix
874 2734 969 2834 polle
995 2739 1190 2817 contendo.

89 2843 241 2916 Martini
262 2841 458 2927 serlionem
478 2836 689 2931 Maianfins,
718 2857 758 2910 ut
779 2837 940 2938 superius
968 2839 1059 2932 dixi,
1090 2869 1189 2915 corn-
1272 2876 1280 2891 .

22 2943 25 2946 ’
87 2967 281 3037 memorat3
321 2942 484 3043 nuspiam
515 2942 587 3014 suis
619 2942 656 3013 in
695 2939 851 3041 epistolis
883 2942 1077 3038 Martinus,
1116 2968 1189 3038 aut,

89 3049 156 3149 qui
181 3049 287 3120 amici
316 3073 424 3146 opera
449 3048 542 3119 bene
574 3047 686 3118 multa
716 3069 916 3138 enumerat,
945 3047 1070 3124 Caesar
1097 3050 1190 3122 Lau·

88 3151 225 3224 rentius
261 3150 430 3249 Bnlipho.
496 3149 607 3237 Quod
647 3170 766 3221 autem
804 3154 1025 3249 praeclarum
1061 3153 1191 3251 optimi

89 3251 244 3351 Hispani
279 3253 464 3352 ingenium
498 3252 535 3323 in
571 3251 717 3350 exiguae
753 3252 865 3348 srugis
900 3254 1116 3327 versionibus
1154 3277 1191 3328 et

88 3356 267 3430 Eustatbii
287 3376 321 3429 et
346 3355 531 3431 Ammonii
559 3354 792 3428 conficiendis
816 3356 1003 3437 elaborare„
1022 3358 1191 3456 potuerit,

89 3458 167 3532 sola
192 3458 266 3531 line
293 3457 404 3531 dubio
424 3457 510 3531 fecit
534 3459 710 3530 librorum
736 3458 902 3554 penuria,
926 3458 1001 3531 illie
1026 3461 1192 3532 locorum

89 3563 258 3654 maxima,
283 3563 347 3634 ubi
373 3561 569 3660 superstitio
584 3581 619 3633 et
639 3558 864 3632 sacerdotnm
886 3561 1026 3633 fraudes
1042 3587 1192 3660 regnum

91 3664 269 3739 obtinent.
308 3663 382 3762 Ego
407 3662 451 3734 de
476 3662 632 3738 versione
655 3663 840 3736 Arnmonii
869 3663 1075 3737 adornanda
1100 3694 1191 3739 nun·

91 3795 202 3864 quam
224 3767 395 3865 cogitavi,
428 3794 504 3838 eam
530 3763 747 3865 potillimum
778 3768 825 3840 ob
860 3768 1049 3861 rationem,
1082 3797 1193 3865 quam
1292 3794 1295 3799 ·

24 3930 30 3939 .
90 3869 230 3941 iuvenis
263 3867 459 3942 Maulsacus
492 3871 661 3969 protulit,
695 3890 730 3942 et
764 3870 943 3968 plerisque
972 3872 1193 3971 approbavit,

92 3987 296 4072 quamque‚'
325 3993 364 4045 ut
394 3970 560 4046 leviffime
589 3971 724 4064 dicam,
758 3972 994 4070 inprudenter
1024 3977 1068 4047 ab
1100 3974 1193 4046 Har·

91 4075 313 4174 poerationis
344 4077 483 4149 versure
514 4072 674 4150 omilsam
712 4075 942 4176 reprehendit
974 4077 1192 4151 Gronovius.

93 4178 239 4262 Quibus
265 4179 398 4280 absque
428 4178 584 4281 versione
613 4178 661 4251 ad
689 4180 950 4256 Grammaticos
975 4178 1094 4255 aditus
1118 4204 1193 4255 nou
