2700 4764
412 206 827 307 ιιιιιιιιιο.
1038 180 1040 186 ’
1136 214 1241 272 ιι

178 376 321 455 Deinde
351 403 393 452 ex
421 379 531 454 'variis
566 379 602 453 in
632 381 749 455 Amin.
779 380 1012 473 lectionibus,
1033 377 1181 482 'quase

79 481 163 560 MS.
191 481 411 559 Adversariis
449 483 640 556 inseruerat
677 483 720 555 ls.
760 484 920 578 Vossius,
965 484 1036 557 suis
1074 488 1183 560 etiam

81 584 391 671 emendationibus
415 585 647 684 interpositis,
679 588 833 663 inultum
865 588 1013 687 profeci.
1066 589 1185 662 Etiam
1231 585 1235 596 ¹

79 691 249 782 leviores,
282 710 316 761 et
343 688 435 759 nulli
461 691 552 761 sorte
576 688 653 760 usui
676 691 828 782 futuras,
862 718 1003 763 omnes
1018 690 1184 790 produxi.

49 843 51 850 ι
78 792 230 867 Utinam
240 789 437 864 molestum
463 791 622 864 laborem
649 819 755 890 perge
736 793 833 866 uisset
860 794 926 867 Vir
949 793 1184 890 Clarissimus!

80 895 146 994 qui
170 893 218 966 ad
242 922 364 969 vocem
379 892 582 995 Bassania
604 895 683 966 ιώ
673 917 841 996 incoepto
862 896 1003 970 destitit.

183 996 304 1068 Prima
337 998 525 1071 Arnmonii
557 996 669 1070 editio
703 1001 748 1070 ab
775 1000 873 1072 Aldo
899 1019 1086 1098 procurata
1115 1022 1185 1096 pro

81 1098 217 1177 meritis
246 1098 327 1171 satis
355 1129 373 1171 a
402 1126 459 1171 me
484 1100 620 1172 laudari
652 1128 724 1172 non
756 1101 880 1219 potest.
932 1103 990 1173 Ab
1016 1102 1084 1173 hac
1108 1097 1186 1172 edi·

81 1205 180 1279 tione
210 1200 328 1302 postea
356 1231 545 1302 operarum
580 1204 697 1302 neglig
700 1206 793 1277 entia
825 1227 861 1278 et
887 1205 981 1277 mala
1007 1223 1186 1278 correcto·

69 1335 167 1380 rum
208 1303 445 1391 sedulitate
435 1334 473 1377 ιιι
503 1306 670 1403 plurimis
698 1308 766 1381 suit
795 1307 982 1381 recessum:
1016 1307 1053 1379 id
1088 1305 1188 1383 enim
1239 1328 1242 1333 “

79 1408 292 1508 scriptorum
325 1407 441 1482 Codd.
467 1410 673 1484 auctoritate
698 1414 831 1485 sactum
854 1440 927 1485 non
957 1408 1076 1499 fuisse,
1113 1409 1187 1483 cla·

82 1512 253 1585 riffimum
293 1511 331 1584 in
366 1510 517 1585 modum
552 1512 644 1584 mihi
686 1514 861 1613 adparuit.
927 1512 1010 1587 Post
1045 1509 1187 1584 Aldum

14 1702 17 1715 ³
80 1641 270 1710 nunquam
292 1611 338 1684 ad
364 1612 535 1711 seriptum
560 1614 695 1687 librum
720 1617 936 1689 Ammonius
962 1641 1186 1714 aquoquam

80 1715 277 1788 Editorum
315 1715 384 1786 suit
418 1716 577 1789 collatus.
609 1717 856 1835 Stephanus,
890 1718 991 1790 euius
1024 1744 1089 1790 nos
1123 1715 1187 1787 hio

79 1816 283 1892 editionem
321 1813 521 1916 sequimur,
568 1846 660 1891 unus
708 1821 868 1893 omnium
910 1819 1099 1893 Editorum
1140 1819 1186 1890 ab

81 1919 223 1996 Aldina
244 1917 379 1992 recellit
402 1948 509 2018 quam
533 1922 740 2020 longissime.
794 1923 829 1994 ln
854 1923 1003 1996 Homeri
1034 1944 1068 1997 et
1099 1920 1187 1993 alio·
1220 1978 1222 1982 -

83 2053 167 2098 ιιιιιι
187 2020 402 2121 scriptorum
429 2023 526 2117 loca,
558 2053 649 2123 quae
672 2025 788 2097 minus
811 2027 915 2124 plene
935 2025 1067 2099 adferri
1088 2023 1188 2098 vide·

82 2128 231 2217 bantur,
262 2123 325 2197 suo
360 2126 522 2223 periculo
553 2153 596 2199 ex
625 2127 730 2201 editis
757 2125 936 2228 supplevit
964 2150 998 2202 et
1023 2128 1189 2219 correxit,

85 2231 183 2303 malo
203 2227 389 2319 instituto,
420 2227 482 2300 sed
507 2229 586 2302 satis
612 2254 689 2303 tum
711 2231 862 2328 vulgato.
915 2230 970 2304 Ne
997 2253 1113 2304 tamen
1138 2230 1188 2301 ob
1280 2300 1290 2314 ,

85 2333 163 2407 leve
190 2351 375 2430 peccatum
403 2332 521 2404 dehita
546 2333 651 2406 lande
683 2356 819 2406 careret
850 2334 1066 2432 Stephanus,
1092 2353 1190 2408 vete·

88 2462 170 2508 rum
216 2432 416 2506 editionum
453 2436 645 2509 lectionem
686 2439 722 2508 in
759 2437 854 2509 notis
889 2437 1065 2511 advocavi.
1117 2434 1189 2507 Per

87 2558 170 2613 vett.
202 2533 284 2609 edd.
314 2563 387 2608 non
420 2563 543 2610 ornnes
574 2541 755 2637 intelligo,
787 2567 878 2634 quae
904 2539 1077 2636 Stephani
1111 2536 1188 2608 edi·

87 2642 188 2714 tione
215 2637 295 2710 sunt
326 2641 537 2733 anteriores,
574 2641 638 2714 sed
666 2645 817 2714 Venetas
843 2662 1001 2725 tantum,
1036 2665 1190 2735 quarum

87 2743 224 2858 prima,
261 2739 485 2816 Dictionario
522 2747 682 2816 Graeco·
694 2742 772 2812 Lat.
816 2763 850 2813 et
882 2695 1009 2841 Opilii
1049 2740 1190 2839 opellae

88 2843 264 2935 subiecta,
319 2843 408 2915 Aldi
445 2872 553 2944 opera
598 2843 734 2944 prodiit
780 2869 875 2917 anno
929 2854 1033 2938 1497.
1079 2843 1216 2938 altera
1314 2920 1319 2926 ,

86 2973 185 3023 anno
214 2951 320 3018 1524
352 2974 435 3018 cum
455 2947 682 3049 Phrynicho,
711 2943 843 3020 Thom.
869 2945 922 3020 M.
945 2968 980 3020 et
1000 2945 1194 3044 Moschop.

87 3047 221 3125 innotis
252 3047 340 3120 Aldi
374 3073 408 3122 et
433 3033 598 3124 Audiens
622 3048 769 3123 Asulani
800 3050 930 3150 operis.
982 3048 1086 3123 Hane
1113 3048 1190 3122 edi·

68 3153 236 3243 tionem,
254 3151 320 3221 uhi
348 3178 365 3221 a
390 3153 504 3250 prima
521 3152 672 3245 dislidet,
696 3152 888 3228 secundam
908 3181 1015 3229 voco:
1045 3151 1190 3225 interim
1261 3218 1263 3222 ,
1297 3228 1304 3239 Ι

87 3281 166 3343 ιιοιι
190 3255 337 3353 ignoro,
368 3255 487 3327 habita
527 3257 697 3355 temporis
725 3257 877 3350 ratione,
908 3253 1099 3330 secundam
1119 3253 1192 3327 Ve

87 3379 210 3430 notam
249 3357 460 3453 praecessisse
498 3359 622 3432 Lexiei
669 3360 831 3431 Graeco·
838 3359 916 3431 Lat.
955 3382 1060 3456 atque
1099 3354 1190 3430 adeo

88 3457 277 3535 Ammonis
305 3459 499 3534 editionem
533 3459 724 3534 Parisinam
747 3461 831 3532 anni
859 3467 964 3534 1521.
991 3485 1098 3558 quam
1124 3459 1192 3530 Fa·

87 3561 225 3634 hrioius
254 3571 445 3655 memorat,
484 3586 538 3658 et,
569 3592 678 3665 quam
709 3563 801 3656 vidi,
840 3562 991 3660 eleganti
1023 3582 1192 3660 typorum

87 3665 205 3737 forma
224 3663 376 3736 nitidam
392 3667 572 3740 Valentini
589 3666 767 3756 Curionis,
787 3663 940 3739 Baslleae
962 3689 1058 3736 auno
1086 3669 1191 3736 1524.

87 3768 280 3865 vulgatam.
332 3766 409 3866 Ego
435 3770 572 3867 primae
605 3767 773 3844 editionis
810 3790 914 3866 atque
945 3765 1035 3840 adeo
1068 3765 1216 3842 secans

88 3867 158 3942 dae
188 3871 296 3943 etiam
327 3869 485 3944 Venetae
512 3872 685 3945 rationem
715 3870 843 3961 habui3
876 3870 962 3942 hinc
994 3868 1063 3940 seri
1091 3891 1191 3941 turae

86 3972 277 4049 varietates
302 3971 446 4048 sedulus
476 3974 633 4048 exhibui.
685 3972 810 4047 Plures
842 3972 988 4091 quidem
1016 3897 1191 4044 eddiones

88 4077 250 4166 contuli,
276 4101 295 4148 e
323 4078 453 4173 quibus
477 4078 541 4149 ubi
564 4075 771 4172 insigniores
798 4076 998 4177 scriptionis
1025 4072 1191 4146 differen-

88 4177 158 4250 tias
195 4181 376 4280 adnotavi,
418 4180 570 4279 singulas
609 4180 822 4257 nominatim
862 4179 1036 4259 discerno.
1095 4175 1192 4250 Sunt
