2700 4764
115 255 118 259 ’
196 265 271 315 m.
563 241 962 303 PRAEFATIO.

196 472 200 485 ,
228 452 233 463 ·
291 411 576 509 Quamprimum
610 410 649 482 in
680 392 845 482 ornatam
870 409 1016 509 linguae
1053 413 1189 510 patriae
1222 414 1299 484 cul·

196 542 313 593 turam
358 518 602 587 incubuerunt
650 514 803 608 Graeci,
852 515 1042 632 probabile
1084 513 1296 606 admodum,

196 619 467 695 vetullillimn
460 645 532 695 ram
559 639 724 713 tempore
757 618 795 687 in
822 642 861 688 ea
887 618 992 689 etiam
1025 645 1063 689 re
1087 617 1297 714 elaboralle,

196 745 238 797 ut
257 749 364 795 voces
389 719 651 835 discernerent,
680 746 794 818 quae,
831 718 909 792 solo
934 719 1039 818 saepe
1066 741 1218 795 accentu
1246 721 1299 792 di·

196 825 337 918 versae,
373 825 480 898 facile
517 852 537 895 a
567 825 685 894 miuus
724 822 848 920 peritis
890 824 1103 925 permutari
1119 814 1298 921 potlt'rant.

189 930 320 1015 Quare
351 929 507 1027 primum
538 953 577 999 ea
608 953 693 997 cura
725 926 772 996 ad
808 920 1053 1045 Philosophus
1090 925 1299 1021 pertinuill'e

195 1033 352 1105 videtur.
413 1032 550 1103 (inanes
579 1048 670 1100 arten
702 1036 811 1127 atque
845 1030 1012 1127 inprimis
1038 1029 1146 1102 etiam
1172 1028 1300 1101 Gram-

196 1135 364 1207 maticam
386 1129 642 1228 Philosophiae
662 1128 762 1202 suam
785 1130 919 1204 debere
940 1131 1139 1227 originem,
1162 1132 1300 1205 alicubi

194 1238 274 1325 hoc¹
294 1255 508 1334 argumento
541 1232 696 1306 ostendit
724 1233 940 1307 Ammonius
969 1235 1166 1327 llermeae,
1197 1233 1299 1334 qnod

196 1339 439 1414 Grammatica
466 1337 562 1408 circa
587 1338 817 1407 harmoniam
846 1336 1023 1427 versaturt
1059 1339 1161 1409 haue·
1177 1358 1301 1411 autem

196 1442 356 1515 Muficae
401 1441 604 1536 propriam,
651 1435 826 1511 Muficam
862 1438 1120 1537 Philosophiae
1160 1463 1300 1537 partem

198 1544 268 1618 ell'e
292 1543 438 1617 evincit.
501 1544 540 1613 ln
578 1539 728 1613 Muficis
758 1542 863 1613 multi
898 1563 1018 1635 erant,
1049 1543 1112 1642 qui
1140 1571 1160 1615 a
1195 1545 1302 1616 nohi-

195 1646 327 1723 lillimo
361 1644 581 1746 Pythagorae
609 1645 758 1717 nomine
792 1643 1019 1719 dicebantur.
1082 1645 1162 1721 Hoa
1183 1647 1321 1739 inter,-

196 1749 262 1848 qni
291 1747 565 1823 Dissertationes
593 1746 730 1819 Dorica
760 1748 927 1821 Dialecto
962 1746 1192 1845 conseripsit,
1228 1746 1299 1822 five

196 1853 340 1952 Myllias
375 1851 407 1923 is
436 1850 493 1923 lit·-
511 1848 743 1940 Crotoniata,
789 1849 852 1923 seu
890 1852 1004 1940 alius,
1041 1873 1169 1924 auctor
1202 1872 1301 1926 certe

197 1953 529 2042 vetustiffimus,'in
554 1949 761 2027 Gal-Edit.
782 1979 818 2049 p.
848 1959 932 2044 725.
959 1955 1134 2027 vocabula
1154 1981 1301 2028 enume·

199 2079 273 2150 rat,
319 2082 413 2153 quae
455 2054 529 2130 rain
570 2052 767 2152 ἁρμονίαν
813 2054 1047 2143 ἀλλάξαντα
1090 2053 1298 2148 διιὶνιικαν.

85 2205 88 2211 -
199 2158 282 2233 Hoc
310 2161 396 2233 loco
430 2183 637 2256 proponere
660 2157 769 2250 libet,
795 2158 902 2254 quod.
925 2161 971 2233 ab
993 2161 1195 2233 Ammonio
1216 2161 1301 2233 alie·

196 2289 286 2335 num
318 2261 378 2332 est.
440 2261 641 2331 Auctorem
678 2260 866 2357 opusculi,
894 2294 900 2313 ·
931 2264 1009 2335 uod
1048 2263 1300 2336 Nobilillimnt

78 2354 86 2369 ⁸
194 2362 376 2440 Northiua
406 2362 576 2435 Mimanti
604 2362 845 2434 tribuendum
880 2288 1099 2460 suspicatur,
1137 2366 1300 2465 Mylltant

197 2467 406 2541 dubitanter
427 2491 541 2557 voco,
561 2465 720 2537 lectione
745 2465 825 2538 MS.
849 2466 1077 2559 adductus,
1067 2492 1106 2541 ιιι
1129 2496 1203 2566 quo
1224 2469 1301 2542 illio

195 2570 308 2662 loci,
315 2571 392 2640 uhi
420 2567 558 2663 Μίμας
578 2568 760 2671 vulgatur,
796 2589 889 2642 extat
912 2573 1085 2666 Μῦμας.’
1121 2573 1271 2668 Quod*
1262 2597 1301 2643 ιιι

198 2672 371 2769 Catalogo
390 2670 570 2743 Biblioth.
593 2654 781 2743 Leiderilis
801 2673 934 2771 legitur
963 2703 998 2771 p.
1024 2698 1108 2759 400.
1135 2676 1301 2779 ambigi7

86 2807 89 2811 ·
196 2793 257 2847 tur
282 2801 334 2847 an
350 2779 390 2867 s
390 2788 406 2846 t
441 2778 609 2867 Zhetzae,
639 2770 798 2873 oppido
809 2777 859 2849 est
888 2775 1097 2849 ridiculum.
1152 2780 1302 2851 Scilicet

195 2877 330 2976 scripto
351 2878 479 2948 libello
509 2876 600 2948 haec
623 2896 710 2946 nota
733 2879 961 2973 praefigitur:
996 2887 1176 2970 Ζητιῑται
1201 2878 1244 2954 δὲ
1268 2885 1302 2955 εἰ

197 2987 270 3054 καὶ
294 2980 339 3054 τὸ
358 2980 483 3077 παρὸν
507 2976 747 3076 σύγγραμμα
764 2979 989 3065 Signata
969 3006 1058 3056 εστι.

299 3185 330 3256 Ε
360 3181 595 3279 Philosophia
628 3181 826 3255 verborum
862 3183 1095 3336 proprietatis
1131 3183 1302 3299 inprimis

196 3286 376 3361 lludiosos
393 3282 499 3356 suilli.
520 3285 685 3378 Stoicos,
712 3285 809 3385 quis
818 3285 990 3381 ignorat?
1041 3288 1166 3402 ltaqpe
1189 3292 1302 3358 etiarn

195 3388 373 3463 adfinium
399 3389 664 3460 vocabulorum
696 3386 902 3459 discrimina
939 3390 1151 3461 monstravit
1187 3389 1304 3488 Chry·

196 3489 336 3590 fippus
384 3492 500 3583 Vide,
533 3487 567 3561 fi
601 3492 738 3588 placet,
775 3491 973 3563 Stobaeum
1005 3492 1080 3564 Tit.
1109 3518 1239 3566 ιιινιιι.
1263 3516 1299 3587 p.

203 3605 284 3688 apo'.
322 3621 405 3690 197.
440 3595 673 3668 Athenaeum
710 3593 779 3667 vl.
816 3620 859 3691 p.
889 3604 973 3687 ιιι7.
1015 3595 1058 3666 Β.
1102 3612 1136 3667 et
1170 3593 1301 3665 Schol.

197 3672 391 3770 Theocriti
418 3697 465 3768 ad
495 3696 601 3796 ldyll.
628 3697 675 3766 V.
700 3722 733 3765 v.
755 3702 790 3766 5.
820 3696 1047 3794 Aristippum
1069 3716 1210 3787 autern,
1234 3697 1305 3768 So·

198 3801 330 3872 cretica
353 3802 481 3896 pietate
502 3801 702 3892 excultum,
723 3798 809 3869 his
799 3826 838 3870 ιιι
860 3800 968 3870 rebus
988 3822 1130 3897 tempos
1153 3749 1305 3871 voluilse

197 3922 404 3993 conterere,
441 3902 538 3974 milti·
569 3854 719 4000 quidesn
762 3927 836 3973 non
873 3904 1000 3999 placet.
1054 3900 1157 3988 Quid
1195 3897 1270 3970 fi
1262 3928 1304 3973 ιιι

197 4004 325 4081 Schol.
356 4004 401 4075 ad
426 4005 599 4102 Apollon.
626 4004 747 4076 Rhod.
774 3999 821 4077 ll.
846 4031 880 4074 v.
909 4031 966 4096 77.
992 4006 1096 4077 cuiue
1121 4006 1195 4075 lide
1217 4002 1258 4074 id
1283 4030 1306 4077 a

67 4148 71 4154 ·
146 4170 156 4192 „
200 4109 253 4184 Cl.
287 4107 419 4180 Iacobo
451 4106 668 4199 Gronovio,
705 4133 815 4208 quem
841 4106 1027 4182 Fabricius
1054 4108 1208 4197 citavit,
1234 4107 1305 4178 luit

110 4287 114 4290 ,
199 4209 392 4312 creditum,
415 4235 484 4309 pro
506 4209 738 4310 Ἀρίστιππος
754 4235 1011 4307 reponeremus
1031 4162 1279 4316 Xpdocnicoc?
