2700 4764
143 214 178 256 tr
451 186 843 252 PRAEFATIO

143 382 353 439 ornamenta
397 359 604 454 generosam
652 356 786 457 politae
834 351 1051 429 eruditionis
1097 352 1265 430 laudeni·

142 497 293 591 adiecit,
315 496 602 589 commendatio,
625 495 682 566 vel
703 491 778 567 Tui
804 513 924 564 tamen
945 487 1055 563 solius
1077 485 1246 563 adversus

143 660 270 709 omnes
304 634 443 732 prolixa
463 633 664 724 -voluntas,
696 625 761 726 qui
785 626 822 700 se
846 626 968 699 literae
991 649 1111 733 amare
1138 626 1247 722 profi·

142 789 284 858 tentur,
309 794 368 842 me
390 769 497 842 etiam
521 767 597 842 voti
627 760 839 839 reddidisset
854 779 1089 857 compotem.
1139 757 1186 832 Id
1207 778 1246 831 ut

62 878 64 883 ,
142 904 309 996 credam,
342 903 446 978 facile
467 901 643 998 inducor,
673 898 740 972 ubi
762 896 820 972 Te
844 896 939 970 mihi
964 892 1169 970 verecunde
1197 896 1245 969 ob

143 1039 278 1145 oculos·
294 1062 408 1136 pono⁸

211 1140 218 1211 '.
243 1148 400 1248 Nitbilea
437 1166 581 1246 e'xcelfi-
602 1168 713 1242 animi
744 1166 916 1262 virtuter,
950 1164 1094 1241 Batavis
1122 1166 1256 1241 Anna·-

136 1307 227 1380 lium
251 1305 506 1381 conditoribus
530 1307 620 1381 olim
648 1302 835 1379 materiam
861 1301 1088 1397 suffecturas,
1121 1288 1246 1402 inpot-

139 1460 230 1525 tunu
256 1441 454 1538 praeconio
477 1433 552 1513 non
580 1442 764 1533 obteram,
798 1466 845 1513 ne
870 1458 907 1513 et
932 1438 1022 1513 Tibi
1047 1437 1113 1510 fim
1143 1438 1245 1546 odin-

139 1573 217 1669 sus,
241 1597 277 1649 et
299 1578 345 1650 ab
367 1577 448 1649 aliia
470 1577 569 1676 gravi
590 1574 844 1651 adsentationis
864 1573 1067 1674 suspicione
1090 1600 1244 1673 premar,

137 1740 156 1785 a
187 1738 261 1808 quo
296 1712 452 1811 ignobili
487 1712 648 1787 facinore
687 1731 762 1786 tam
799 1708 880 1783 sum
919 1729 1099 1803 remotus,
1136 1736 1244 1812 quam

136 1845 201 1944 qui
232 1847 446 1945 longissime.
936 1934 937 1939 ἵ

237 1981 400 2071 Verum,
431 1979 533 2080 quod
555 2006 644 2080 pace
669 1980 752 2056 Tua
777 1979 917 2055 dietum
941 1979 1074 2074 velim,
1089 1978 1248 2057 'summe-

133 2114 308 2211 comitas‚
329 2117 368 2187 in
393 2115 467 2189 Tui
489 2115 629 2190 ordinis
649 2117 865 2191 hominibus
889 2114 983 2188 mihi
1000 2142 1116 2214 usque
1132 2118 1254 2193 etiam.

20 2292 23 2315 t
133 2248 281 2345 (quidni
303 2251 483 2341 fatet-ers)
507 2253 713 2352 inexperta,
740 2253 800 2325 cui
828 2252 888 2325 Tu
912 2250 1102 2350 personae,
1129 2226 1240 2352 quarn

66 2410 68 2419 ⁴
133 2381 303 2472 sustines,
342 2390 553 2483 gravitatem
591 2384 772 2484 sapienter
814 2386 1057 2484 adsuefecisti,
1096 2414 1240 2485 quaque

135 2519 242 2592 etiam
281 2547 340 2594 me
380 2522 463 2617 plus
506 2518 618 2595 semel
658 2521 882 2621 excipiebas,
927 2522 1125 2593 mirificum
1166 2516 1239 2597 Tui

132 2680 316 2751 amorem,
359 2675 395 2728 et
429 2657 700 2736 venerationem
740 2683 856 2757 prope
891 2657 1108 2755 singularem
1141 2676 1238 2756 grato

46 2837 50 2844 ·
131 2792 275 2885 pectori
304 2791 452 2864 infudit.
1087 2778 1088 2782 Ἰ

233 2925 271 2996 Is
292 2924 431 3019 honor,
465 2951 539 3023 quo
562 2929 624 2998 Tu
645 2922 798 3030 Muficas
821 2947 914 3000 artes
940 2953 1139 3026 earumque
1163 2930 1238 3004 cul·

131 3076 231 3159 tores
256 3054 610 3154 dignatividebare,
642 3060 778 3156 effecit,
808 3083 850 3134 ut
870 3061 965 3136 serio
1013 3065 1174 3163 cogitent
1197 3065 1235 3139 iu

132 3192 258 3285 ealvia
290 3166 808 3303 gnaviterprogredipquam
833 3198 951 3297 coepi.
996 3292 1000 3299 μ

232 3327 285 3399 lta
308 3327 411 3415 enirn
426 3326 465 3400 so
486 3328 689 3424 reehabet,
716 3331 792 3405 Vnt
806 3331 1069 3433 *Anemssmm
1107 3337 1234 3411 literae

129 3463 249 3538 nativa
293 3432 462 3538 suaviutc
496 3464 655 3538 cultores
691 3464 773 3538 suos
812 3493 922 3565 quam
959 3468 1235 3544 cumulatissime

93 3687 95 3691 .
129 3595 258 3670 beant:
300 3596 375 3671 dici
411 3619 531 3671 tamen
569 3626 642 3672 non
676 3599 810 3698 potest,
844 3622 979 3699 quanto
1009 3604 1076 3676 hae
1109 3605 1233 3680 literae

64 3814 68 3819 ¹
130 3730 321 3807 videantur
341 3732 571 3830 pulcriores‚'
604 3733 632 3805 fi
662 3734 726 3833 qui
755 3757 922 3834 potenter
948 3758 985 3810 et
1008 3713 1153 3814 nobiseb
1173 3767 1233 3816 eas

82 3916 90 3942 t
130 3858 448 3941 commendatione
473 3866 534 3940 sua
557 3894 632 3941 non
657 3867 824 3967 indignas
851 3869 1161 3948 effeexistiment.
1247 3848 1250 3852 Ι

91 3997 94 4001 ’
230 3998 353 4096 Atque
373 4028 413 4074 ea
431 3999 459 4072 fi
479 4003 617 4077 ratione
639 4001 884 4101 versarentur,
911 4007 974 4106 qui
995 4007 1234 4085 humaniores

91 4210 99 4224 ,
127 4155 221 4210 artes
245 4134 395 4233 publice
423 4156 592 4239 tractant,
620 4158 662 4241 et
695 4138 818 4239 aliquo
850 4139 970 4215 laudis
1002 4143 1233 4222 irritamento
