2700 4764
160 272 209 312 m
509 211 908 315 r'aanrarro.

162 420 362 520 copiosam,
404 442 440 492 et
475 449 494 492 a
533 449 590 494 me
633 449 698 519 pro
733 422 866 495 virilius
904 419 1142 514 tractandam,
1185 443 1265 493 tum

163 523 306 596 demum
334 524 509 623 explicare
536 525 695 619 decrevi,
727 524 873 624 quando
898 525 997 619 prins
1024 522 1130 622 super
1155 524 1264 597 huius

163 629 201 699 in
235 629 432 719 Ammonio
461 626 671 702 adornando
704 656 812 728 opera
843 627 1039 701 candidum
1073 627 1265 700 Lectorem

162 757 348 804 monuero.

196 894 212 902 -
265 834 502 906 Ammonium
535 831 659 906 recudi
692 837 813 909 curavi
846 833 1044 912 secundum
1080 833 1266 905 literarum

161 924 289 1011 seriem
310 935 535 1036 dispolitutn‚
561 939 702 1035 qualem
731 939 835 1030 nobis
861 937 1009 1010 tradidit
1042 936 1157 1010 Aldus
1188 936 1266 1007 Ma-

161 1042 300 1131 nutius,
334 1067 440 1139 quem
483 1039 550 1112 hac
593 1041 628 1112 in
671 1061 769 1138 parte
811 1042 941 1140 reliqui
980 1039 1144 1112 Editores
1184 1037 1266 1111 sunt

159 1143 309 1243 sequuti.
372 1143 439 1213 Par
464 1142 537 1234 cst,
567 1165 611 1220 ut
639 1143 841 1237 credamus,
876 1172 916 1217 ea
951 1145 1086 1217 ratione
1114 1141 1264 1215 extitiss'e

39 1266 42 1273 '
120 1248 123 1253 ’
161 1247 398 1320 Ammonium
449 1247 486 1324 in
531 1244 680 1346 scripto,
746 1274 854 1346 quem
914 1246 1029 1320 Aldus
1070 1245 1264 1342 usurpavit,

162 1349 315 1422 Codice:
349 1376 467 1446 neque
487 1349 594 1421 etiam
625 1351 728 1423 aliter
755 1351 854 1422 hunc
880 1341 1044 1422 libellum
1073 1349 1160 1446 legit
1183 1348 1265 1420 Mo-

160 1452 378 1551 l'clropulus3
406 1451 548 1541 namin
571 1479 698 1527 vocum
723 1453 940 1546 Atticarum,
964 1481 1071 1550 <ruam
1085 1452 1266 1543 confecit,

81 1594 83 1600 ·
160 1557 308 1655 Sylloge
342 1555 428 1626 alibi
458 1581 563 1654 parce
595 1555 1041 1649 A-tmnoniumdeserilrit,
1088 1578 1131 1627 ex
1160 1555 1265 1626 litera

57 4286 67 4315 i

160 1680 280 1734 autem
315 1663 355 1733 K
392 1659 562 1757 plurimas
596 1658 716 1733 Amm.
765 1656 1026 1733 observationes
1066 1656 1264 1757 proposuit.

158 1760 214 1835 Eo
248 1762 336 1834 haec
370 1790 389 1833 a
420 1789 477 1833 me
511 1760 693 1853 dicuutur,
724 1762 824 1860 quod
847 1761 1032 1863 persuasus
1055 1763 1149 1847 sum,
1178 1765 1265 1833 Arn-

158 1867 324 1939 monium
348 1864 504 1940 Lexieon
538 1864 795 1964 conscr·iplille‚
826 1865 926 1967 quod
958 1888 1085 1939 vocant
1108 1871 1269 1962 drentem·

160 1991 214 2059 et,
238 1998 324 2067 quas
345 1966 473 2057 tradit,
496 1970 687 2041 verborum
711 1969 925 2041 differentias
948 1969 985 2039 in
1010 1993 1122 2043 certas
1143 1968 1263 2068 potius

160 2068 514 2169 elalles-disparalle,
546 2098 663 2168 neque
692 2071 805 2143 ullam
838 2070 996 2144 liaboill'e
1023 2071 1160 2144 ordinis
1184 2071 1264 2142 lite-

50 2214 54 2221 ·
159 2203 281 2249 rarum
299 2175 488 2247 rationem.
524 2173 703 2265 Primum,
729 2173 900 2272 quoniam
921 2174 951 2247 is
973 2174 1065 2251 ordo
1089 2174 1262 2247 Veterum

159 2299 333 2376 repugnat
355 2274 624 2370 consuetudini3
650 2276 800 2369 deinde,
823 2278 938 2350 libelli
961 2284 1114 2351 naturae.
1141 2274 1262 2368 Adde,

159 2380 263 2477 quod
292 2379 415 2452 eadent
460 2381 667 2475 frequenter
706 2402 903 2471 recurrant,
945 2409 1041 2479 quae
1077 2379 1262 2465 manifesto

159 2484 368 2556 recentioris
401 2511 522 2557 euram
553 2482 731 2581 produnt,
762 2483 825 2581 qui
849 2484 1009 2577 lectoris,
1038 2507 1077 2558 ut
1102 2486 1259 2583 putabat,

157 2585 408 2660 commoditati
441 2585 569 2661 servire
606 2584 769 2660 voluerit.
828 2587 1067 2669 Clarillimum
1104 2587 1261 2686 denique

157 2688 268 2762 huius
301 2690 352 2762 rei
385 2710 635 2789 argumentum
653 2717 709 2762 ex
742 2688 1100 2765 Animadversionum
1128 2686 1261 2763 nostra·

157 2821 239 2865 rum
266 2794 312 2868 ll.
337 2820 368 2865 c.
398 2822 428 2865 x.
459 2794 533 2894 peti
555 2793 694 2892 poterit.
745 2791 843 2865 Dedi
873 2790 992 2893 itaque
1018 2822 1184 2894 operam,
1212 2819 1259 2864 ne

156 2922 336 2987 errorem,
376 2923 484 2994 quem
526 2897 704 2994 corrigere
745 2923 819 2968 non
858 2898 980 2995 potui,
1015 2924 1258 2995 propagarem.

156 2999 305 3073 Scilicet
331 2998 378 3087 ita
406 2998 455 3068 est
476 2997 672 3070 secundnm
692 2996 811 3069 literas
840 3000 1075 3071 concinnatus
1108 2999 1259 3071 Ammo·

137 3101 256 3193 nnius,
298 3123 337 3170 ut
369 3099 534 3171 binarum
573 3099 735 3197 priorum
771 3120 912 3172 tantum
944 3100 1066 3172 hahita
1096 3098 1259 3173 videatur

154 3231 260 3293 cura,
291 3202 509 3298 reliquarum
536 3203 644 3277 nulla.
694 3200 801 3273 Hunc
821 3201 987 3275 ordinem
1008 3231 1082 3276 non
1102 3204 1258 3302 migravi.

154 3306 343 3396 Frilicam‚
374 3318 481 3401 quam
506 3326 626 3396 vocat,
654 3302 844 3376 Blancardi
869 3305 906 3375 in
930 3304 1104 3407 Harpocr.
1137 3307 1257 3406 dil'po-

155 3409 279 3483 nendo
303 3407 523 3509 diligentiam
534 3446 555 3497 ,.=
571 3406 762 3506 sanequam
785 3406 952 3479 inutilem
968 3417 1030 3509 ³(et
1052 3406 1089 3481 in
1117 3410 1256 3488 Glolla·

155 3513 218 3587 riis
245 3511 402 3610 antiquis
435 3512 592 3612 periculo
626 3538 700 3585 non
735 3518 897 3607 vacuam)
932 3510 1013 3593 satis
1046 3513 1256 3612 vituperavit

156 3614 224 3686 Vir
253 3608 390 3692 Clariis.
422 3611 572 3688 lacobus
605 3612 846 3687 Gronovius..
863 3678 867 3686 ,
885 3614 927 3688 ln
964 3614 1106 3698 Thema
1138 3637 1270 3712 autems

155 3716 252 3816 Mag,
282 3720 348 3792 liae
382 3721 420 3792 in
449 3739 547 3817 parte
576 3715 667 3789 adeo
696 3715 804 3790 etiam
828 3714 864 3788 le
889 3718 1066 3791 excercuit
1091 3718 1257 3801 Blancar-

139 3812 243 3913 dus,
280 3844 337 3915 ut,
375 3821 476 3920 qirod
509 3841 672 3921 expertus
713 3816 814 3912 died,
859 3818 1110 3914 verecundiae,
1147 3847 1256 3918 quam

153 3923 308 4000 aliorum
329 3925 467 4027 scriptis
491 3922 680 4013 debemus,
704 3919 856 3997 modum
878 3924 1083 3996 adhibuerit
1102 3924 1253 3996 nullum.

152 4024 419 4126 Phryniehum,
450 4054 559 4125 <luem
581 4024 716 4125 primus
740 4023 868 4098 Editor
892 4026 1077 4099 literarum
1109 4052 1253 4124 <leoque

151 4126 257 4204 seriei
280 4128 512 4227 affligammi,
544 4129 612 4202 hac
637 4148 736 4227 parte
762 4128 970 4216 meliorem,
998 4125 1129 4228 scripto
1158 4128 1253 4200 libro

151 4230 322 4332 adiutus,
340 4240 485 4312 ἄτακτον
515 4231 620 4306 nobis
658 4228 808 4305 restituit
843 4227 1060 4305 Nunnefius:
1103 4253 1253 4326 eamque
