2700 4764
956 202 966 234 l

444 233 849 308 PRKEFATIO.
1144 266 1202 312 xxt

92 410 344 486 Graeco-Lat.
368 400 558 487 Valentini
581 417 765 508 Curionis,
790 413 946 489 B'afilcae
963 408 1201 510 racanato,

90 522 185 586 extat
224 515 331 588 ctiam
372 539 541 592 tractatus
581 527 664 618 περὶ
702 517 948 615 πνευμάτων·
990 523 1053 619 qui
1084 521 1198 593 rideri
1246 578 1248 583 .

90 612 195 714 possit
218 645 261 690 ex
287 619 395 727 simili
418 621 522 694 libro'
537 644 733 721 excerptus.
787 623 900 706 Quod
932 622 986 693 cl.
1011 624 1195 696 Fabricius

88 717 181 791 inter
215 721 404 819 opuscula,
437 752 530 822 quae
561 722 738 798 Thesauri·
765 725 937 821 Stephani
975 727 1194 800 constituunt

88 820 356 920 Appendicem,
382 826 554 899 Biblioth.
579 829 642 899 Gr.
663 827 745 904 Vol.
772 827 855 902 Vll.
879 856 914 927 p,
942 833 999 901 56.
1026 830 1193 928 libellum

85 931 171 1022 περὶ
191 926 419 1024 πνευμάτων
445 931 640 1023 recenseat,
667 939 767 1004 err'or
794 928 852 1003 est.
892 932 983 1003 Sunt
1007 932 1044 1004 in
1071 932 1190 1006 uollro

84 1026 212 1100 libello
240 1032 373 1105 multae
397 1056 518 1123 voces,
541 1060 628 1132 quas
652 1031 793 1106 Glossas
812 1058 996 1126 vocamus,
1022 1035 1190 1131 plurima,

80 1154 175 1227 quae
204 1133 360 1207 Graecae
385 1134 543 1232 Linguae
571 1134 732 1210 studiofis
758 1134 837 1209 usui
867 1132 935 1208 esse
967 1158 1114 1237 queant,
1149 1161 1184 1212 et

83 1258 175 1329 qnae
208 1232 316 1308 semel
346 1235 465 1336 legisse
497 1265 615 1336 neque
650 1237 776 1313 doctos
805 1237 997 1337 poeniteat.
1050 1238 1184 1338 Scripti

83 1333 247 1431 Codicis,
278 1366 387 1436 quem
410 1340 536 1412 titulus
569 1341 617 1414 ad
643 1343 737 1417 varia
767 1341 980 1438 exemplaria
1010 1343 1184 1429 collatum

79 1456 118 1508 ct
146 1439 374 1513 emendatum
401 1443 608 1540 pollicetur,
638 1445 831 1518 lectionem
855 1442 980 1515 nitidis
1006 1446 1099 1543 typis
1123 1472 1184 1518 ex·

78 1537 206 1614 hibere
234 1565 441 1635 contentus,
464 1570 570 1619 voces
598 1545 784 1619 mendosas
814 1545 965 1617 subinde
987 1547 1019 1643 †
1044 1546 1182 1645 virgula

76 1640 241 1736 distinxi3
278 1647 454 1718 rationem
490 1673 566 1720 non
594 1648 687 1740 vidi,
718 1674 783 1718 eur
811 1647 910 1719 hunc
943 1649 1049 1720 etiam
1082 1649 1179 1722 notis

71 1769 274 1817 onerarem.
652 1749 656 1757 ’

155 1850 239 1918 'Ao
270 1872 444 1933 annnam
470 1848 745 1926 Putnrtrtorua
772 1874 938 1943 rancun,
973 1878 1063 1948 quae
1089 1853 1179 1925 Am·

72 1948 239 2021 monium
262 1952 413 2052 propius
434 1952 583 2054 spectat,
611 1956 767 2054 perveni.
822 1954 891 2025 Hic
915 1953 1072 2053 primum·
1097 1981 1175 2027 eam

75 2050 319 2149 quaestionem
346 2080 464 2153 pono,
500 2078 624 2130 utrum
656 2059 772 2132 libelli
803 2078 926 2128 auctor
954 2055 998 2128 fit
1024 2056 1176 2130 Ammo·

75 2153 177 2246 n'ius,
214 2181 281 2228 nec
309 2184 365 2229 ue.
407 2157 618 2256 Postquam,
655 2188 745 2260 quac
773 2159 846 2231 huc
880 2159 1057 2258 spectent,
1092 2186 1191 2261 per-⁸

72 2273 288 2352 tractavere,
324 2259 442 2333 libelli
473 2286 720 2360 argumentum
750 2260 946 2360 indagabo,
976 2283 1012 2335 et
1042 2261 1090 2334 de
1115 2262 1171 2333 in·

70 2353 266 2458 scriptione
294 2359 412 2435 dicam
444 2376 549 2463 atque
574 2366 728 2440 auctoris
754 2363 953 2464 proposito·
1003 2362 1168 2437 Tandem

69 2458 189 2549 libelli
217 2464 318 2537 dotes
352 2466 389 2537 iu
417 2467 499 2539 luce
523 2469 729 2561 collocabo,
764 2489 799 2540 et
826 2466 992 2540 adversus
1019 2464 1169 2538 Henrici

69 2561 246 2663 Stephani
269 2566 536 2655 criminationes
559 2570 740 2644 vindicare
765 2569 887 2641 enitar.

156 2665 226 2761 'Ex
257 2682 342 2767 quo'
361 2669 477 2742 Aldus
509 2665 691 2744 Manutius
718 2670 883 2742 libe'llunr
914 2666 1070 2739 nostrum
1103 2666 1169 2738 sub

13 2795 17 2802 ·
70 2764 259 2852 Ammonii
289 2772 443 2845 nomine
465 2773 504 2844 in
532 2774 652 2844 lucem
684 2764 816 2859 edidit,
851 2768 986 2865 vulgari
1018 2768 1168 2864 quidem

68 2868 242 2967 opinione
275 2868 494 2947 Ammonius
537 2891 662 2946 auctor
695 2873 764 2944 suit
791 2870 952 2959 liabitus3
991 2868 1051 2940 sed
1094 2896 1167 2942 non

66 2972 287 3073 multo‘post
305 2974 498 3075 superbae
521 2992 559 3049 re
581 3004 601 3048 a
619 2975 806 3069 nonnullis
825 2971 980 3044 dubitari
998 2994 1168 3072 coeptum

66 3071 130 3145 est.
162 3076 231 3149 Vel
263 3077 360 3150 enim
388 3079 565 3151 incertum
597 3102 777 3153 auctorem
817 3074 885 3147 else
921 3073 1166 3170 erediderunt,

67 3177 126 3248 vel
157 3167 419 3279 Phildponum:
451 3202 642 3279 utramque
666 3179 876 3253 sententiam
907 3177 1021 3275 tetigit
1051 3178 1164 3249 Henr.

66 3275 272 3383 Step‘banus
299 3281 338 3354 in
365 3283 513 3361 Praesat.
541 3284 587 3354 ad
613 3282 812 3381 Comment.
838 3279 883 3352 de
906 3281 1044 3352 Atticae
1070 3281 1164 3351 Dial.

65 3371 267 3455 ldi'omatis.
322 3383 570 3484 Suspicionem
601 3385 646 3458 de
673 3384 880 3481 Philopono
909 3381 1032 3454 iniecit
1059 3381 1165 3452 etiam

65 3472 234 3585 Alidr‘eas
247 3485 416 3560 Sebottus
430 3488 478 3560 ad
497 3487 658 3562 Cornelii
677 3485 828 3584 Nepotis
848 3484 1023 3556 Datamen
1040 3510 1069 3555 e.
1085 3507 1163 3553 vin.

65 3577 206 3685 Veruin
230 3587 376 3660 tandeu't
401 3589 568 3688 opusculi
588 3587 780 3686 conscripti
805 3583 948 3658 laudem
971 3586 1165 3658 Ammonio

63 3688 160 3789 pene
186 3687 334 3791 dubiam
351 3693 533 3785 feceruut,
565 3693 628 3788 qui
652 3691 697 3764 de
718 3689 901 3761 Herennio
927 3685 1081 3759 Philone
1106 3715 1165 3760 co-

64 3789 207 3895 gitant'
228 3790 340 3885 ¹Haec
359 3791 531 3866 sententia
551 3792 705 3866 veritatis
732 3790 961 3864 similitudine
984 3815 1166 3862 commen·

66 3889 201 3966 dabilis
223 3892 435 3994 magnorum
459 3896 646 3968 nominum
669 3893 874 3968 auctoritate
898 3892 1033 3964 nititur.
1076 3892 1166 3964 Pau·
1275 3888 1282 3909 ⁸

66 3995 127 4067 lu's
151 3996 383 4098 Leopardus,
410 3997 510 4098 quod
529 3997 689 4095 quidem
719 4025 783 4096 ego
821 3997 998 4086 noverim,
1030 3995 1166 4092 primus

67 4097 109 4169 in
126 4088 238 4172 'libris
264 4092 567 4175 Emendationum
594 4101 753 4192 monuit,
775 4121 957 4171 auctorem
984 4096 1099 4169 libelli
1123 4093 1168 4164 de

67 4188 265 4277 verberim
286 4202 495 4278 differentiis
525 4204 781 4306 aquibusdnm
803 4200 1026 4274 Herennium
1048 4198 1171 4269 Philo·
