2700 4764
164 212 305 295 ω’
516 223 917 291 ratnrarto.

167 426 251 473 nem
282 396 421 489 vocari,
449 394 558 470 veluti
590 397 676 471 libri
708 399 737 470 l.
771 424 847 495 cap.
873 396 931 467 24.
962 391 1031 466 IX.
1063 415 1118 486 ¹9·
1143 389 1193 463 X.
1227 391 1268 461 6.

167 502 274 577 XIII.
317 507 371 575 14.
409 499 538 570 horum
588 500 795 598 opinionem
841 497 923 570 satis
963 494 1102 569 fortiter
1147 513 1269 564 tuetur

168 602 378 697 Leopardus
403 602 487 673 libri
504 601 576 673 XI.
602 604 719 702 capite
747 610 802 675 15.
827 601 890 674 uhi
913 600 960 671 ita
979 597 1115 670 scribit:
1142 600 1271 670 Bonus

168 711 353 803 imprimis
383 709 432 800 est
457 706 587 775 author
621 711 832 779 Herennius
854 707 975 794 Philo,
1010 727 1118 797 quem
1144 703 1273 794 vrdgua

114 820 118 829 '
170 815 410 888 Ammoniatai
442 821 556 878 vocnt.
611 808 683 894 Qui
716 807 808 883 hanc
842 833 922 880 rem
951 826 1120 902 tauquam
1151 802 1276 900 explo-

172 935 282 987 ratam
301 913 373 982 tine
394 909 615 987 dubitatione
636 910 803 1010 posuerit,
825 911 1005 983 nemiuem
1025 906 1108 979 novi
1130 926 1273 1003 praeter

173 1015 396 1113 menagium,
436 1013 536 1087 ouius
567 1012 776 1087 sententiam
814 1028 1100 1088 commemorant·
1129 1006 1276 1104 Baplins

174 1119 213 1191 iu
236 1119 385 1209 Leuce,
409 1138 444 1190 et
465 1116 648 1189 Fabricius
672 1116 709 1189 in
733 1116 958 1190 Bibliotheca
982 1115 1128 1185 Graeca.
1177 1109 1276 1181 Reli·

175 1221 240 1323 qui
263 1220 377 1309 enim,
408 1218 472 1318 qui
498 1219 542 1289 ab
572 1219 756 1291 Herennio
784 1219 937 1290 Philone
972 1242 1045 1286 non
1077 1214 1181 1312 plane
1212 1212 1279 1291 ab·¹

84 1317 89 1326 ¹
174 1322 411 1413 horruerunt,
450 1346 525 1390 rem
557 1317 762 1394 dubitanter
789 1320 938 1421 politam
973 1321 1046 1390 sere
1080 1316 1116 1387 in
1153 1312 1278 1387 medio

174 1426 394 1522 relinquunt.
445 1422 586 1493 Horum
609 1425 770 1515 uomina,
794 1451 903 1521 quae,
926 1421 1013 1495 duni
1035 1419 1124 1493 haec
1145 1416 1278 1507 scribo,

174 1527 331 1629 plurima
373 1525 619 1616 obversantur,
677 1527 757 1599 latis
797 1525 974 1625 pudenter
1011 1520 1165 1620 proferri
1202 1545 1280 1591 nou

176 1627 275 1730 polle
307 1649 471 1719 autumo;
519 1655 637 1726 neque
677 1651 749 1700 tam
777 1651 972 1717 auctores,
1020 1651 1128 1721 quant
1176 1646 1280 1717 argu·

176 1753 317 1821 menta,
341 1730 473 1827 quibus
495 1731 675 1826 nituntur,
699 1730 900 1828 quaerenda
921 1729 1012 1801 suut.
1066 1723 1283 1814 Eultubius,

176 1860 286 1932 quem
307 1834 345 1904 iu
368 1830 559 1905 sententiae
584 1831 666 1905 luae
692 1835 930 1931 patrocinium
958 1852 1097 1932 praeter
1123 1828 1284 1924 Leopar-

178 1936 266 2008 dum
289 1930 381 2006 unni
406 1955 441 2006 et
465 1934 551 2006 item
573 1935 662 2009 alter
683 1934 962 2026 advocaverunt,
996 1959 1053 2004 me
1079 1933 1117 2003 in
1141 1929 1285 2001 didrita-

178 2037 288 2109 tionis
319 2034 522 2109 societatem
551 2058 776 2135 pertraxerat.
827 2036 901 2108 Sed
933 2036 1051 2109 libelli
1080 2031 1214 2123 editor,
1247 2051 1285 2102 et

179 2140 334 2214 allorum
365 2136 501 2210 iudicio
526 2166 599 2211 uon
631 2141 783 2211 nimium
812 2140 990 2230 tribum,
1021 2134 1284 2236 explorandum

179 2240 319 2344 putavi,
343 2261 473 2313 ‘utrum
499 2241 635 2314 ratione
663 2243 835 2316 niteretur
861 2241 978 2315 nostra
1001 2241 1065 2313 illa
1088 2235 1287 2325 haelitatiO,

145 2345 150 2369 ¹
180 2369 248 2417 nec
281 2369 334 2413 ne.
385 2341 485 2429 Quae
516 2341 622 2441 super
649 2344 717 2416 hac
742 2373 779 2418 re
809 2344 977 2442 cogitavi,
1010 2343 1058 2416 ita
1085 2340 1288 2429 coarctabo,

181 2467 222 2518 ut
255 2440 390 2517 nemini
432 2444 495 2516 lim
535 2445 714 2520 molestus.
765 2447 928 2520 Primum
962 2469 1131 2542 tanquam
1169 2441 1288 2513 dubio

180 2573 332 2623 vacuum
361 2574 479 2645 ponc,
510 2545 665 2620 eundem
696 2550 795 2622 hunc
821 2549 987 2623 libellum
1007 2544 1187 2623 versavill'e
1213 2542 1289 2615 Eu·

182 2648 369 2742 linthium,
404 2672 439 2722 et
475 2650 640 2723 indidem
670 2653 822 2750 plurima
857 2653 894 2724 in
921 2647 1206 2725 Commentarios
1238 2643 1290 2717 ad

122 2794 125 2804 ,
184 2752 386 2826 Homerum
411 2753 575 2825 retulill'e.
626 2755 852 2843 Verborum,
885 2781 976 2855 quae
1004 2752 1132 2843 tradit,
1164 2745 1290 2819 discri-

184 2855 280 2949 mina
309 2855 357 2925 ita
391 2857 605 2954 plerumque
638 2859 827 2956 proponit,
862 2879 904 2930 nt
939 2856 1020 2928 satis
1053 2853 1206 2943 iudicet,
1243 2851 1289 2921 ab

184 2956 264 3027 aliis
288 2954 389 3026 suille
414 2955 611 3048 observata,
644 2958 700 3030 his
723 2959 769 3030 ad
795 2985 873 3031 eam
900 2986 976 3032 rem
1001 2958 1084 3029 usus
1109 2951 1289 3050 loquendi

184 3056 370 3133 formulis:
425 3060 541 3130 Κατὰ
588 3059 656 3132 τὸν
700 3061 878 3147 παλαιόν.
939 3057 1144 3158 Arupium
1183 3055 1291 3155 φασί.

191 3164 317 3236 Φασὶν
344 3161 386 3231 οἱ
402 3159 574 3236 παλαιοί.
626 3164 888 3258 Σημειοῦνται
912 3169 955 3238 οἱ
972 3160 1142 3239 παλαιοί.
1189 3164 1290 3233 Δια-ο

189 3258 350 3360 φέρουσι
371 3261 479 3333 κατὰ
502 3262 593 3348 τοὺς
620 3263 821 3352 παλαιούς.
872 3265 1061 3338 Interdum
1088 3285 1206 3337 tamen
1229 3285 1291 3331 eos

190 3361 371 3454 nominat,
396 3390 551 3460 quorum
575 3365 647 3438 fide
670 3367 785 3438 utitur
807 3366 946 3440 Noster.
1007 3367 1107 3453 Quae
1131 3362 1176 3436 de
1199 3383 1293 3435 aeta·¹

191 3487 268 3536 tum
287 3465 496 3537 nominibus
516 3493 559 3539 cx
579 3468 763 3541 Alexionis
787 3462 953 3568 Epitome
977 3468 1293 3541 Mil'cellaneorum

103 3577 106 3585 '
190 3567 341 3666 Didymi
371 3565 551 3641 adnotavit
574 3571 805 3664 Ammonius,
838 3571 904 3645 sub
930 3570 1120 3661 Alexionis⁸
1137 3567 1294 3640 testimo·

192 3669 253 3741 nio
278 3669 446 3766 producit
472 3669 684 3745 Eullatbins.
736 3673 847 3772 Apud
869 3674 1042 3766 eundem,
1077 3670 1149 3745 fide
1185 3669 1295 3742 Com-

190 3772 396 3844 mentatoris
424 3772 681 3873 Bacchylidae,
711 3777 897 3874 leguntur,
925 3803 1017 3875 quac
1049 3774 1114 3846 sub
1145 3770 1294 3848 nomine

190 3869 342 3971 Didymi
384 3874 481 3973 apud
514 3875 682 3950 nostrum.
736 3878 809 3965 Qui
846 3882 1037 3954 verborum
1077 3874 1296 3949 differentias

192 3972 274 4048 data
311 3991 435 4072 opera
457 3977 640 4075 exsequuti
680 3982 833 4075 suerint,
876 3981 1123 4080 philoponum
1156 3984 1205 4054 ἐν
1243 3977 1296 4076 τῷ

192 4083 276 4174 περὶ
307 4075 442 4164 λέξεων
457 4087 459 4091 ’
474 4079 665 4181 διαφόρως
700 4082 963 4182 τονονμὲνων,
1001 4105 1037 4156 ct
1068 4080 1298 4167 Herennium

192 4179 387 4255 Philonem
427 4187 469 4258 ἐν
524 4187 573 4284 τῷ
620 4191 704 4284 περὶ
752 4184 948 4288 διαφόρων
1002 4179 1299 4283 σημαινομένων
