<?xml version="1.0" encoding="UTF-8"?>
<!DOCTYPE html PUBLIC "-//W3C//DTD XHTML 1.0 Transitional//EN"
    "http://www.w3.org/TR/xhtml1/DTD/xhtml1-transitional.dtd">
<html xmlns="http://www.w3.org/1999/xhtml" xml:lang="en" lang="en">
 <head>
  <title>
</title>
<meta http-equiv="Content-Type" content="text/html;charset=utf-8" />
  <meta name='ocr-system' content='tesseract 3.04.00' />
  <meta name='ocr-capabilities' content='ocr_page ocr_carea ocr_par ocr_line ocrx_word'/>
</head>
<body>
  <div class='ocr_page' id='page_1' title='image "./ammonivsdediffe00valcgoog_0042.png"; bbox 0 0 2700 4764; ppageno 0'>
   <div class='ocr_carea' id='block_1_1' title="bbox 422 236 1200 312">
    <p class='ocr_par' dir='ltr' id='par_1_1' title="bbox 422 236 1200 312">
     <span class='ocr_line' id='line_1_1' title="bbox 422 236 1200 312; baseline 0.003 -14"><span class='ocrx_word' id='word_1_1' title='bbox 422 236 872 302; x_wconf 80' lang='lat' dir='ltr'><strong>PRAEFATIO.</strong></span> <span class='ocrx_word' id='word_1_2' title='bbox 1084 268 1200 312; x_wconf 72' lang='lat' dir='ltr'><strong>mvn</strong></span> 
     </span>
    </p>
   </div>
   <div class='ocr_carea' id='block_1_2' title="bbox 84 406 1314 4195">
    <p class='ocr_par' dir='ltr' id='par_1_2' title="bbox 84 406 1314 4195">
     <span class='ocr_line' id='line_1_2' title="bbox 92 406 1314 512; baseline 0.005 -27"><span class='ocrx_word' id='word_1_3' title='bbox 92 408 337 512; x_wconf 77' lang='lat' dir='ltr'><strong>quentilliine,</strong></span> <span class='ocrx_word' id='word_1_4' title='bbox 363 433 443 480; x_wconf 87' lang='lat' dir='ltr'><strong>eam</strong></span> <span class='ocrx_word' id='word_1_5' title='bbox 464 406 502 478; x_wconf 89' lang='lat' dir='ltr'><strong>in</strong></span> <span class='ocrx_word' id='word_1_6' title='bbox 525 411 606 480; x_wconf 83' lang='lat' dir='ltr'><strong>r&#39;em</strong></span> <span class='ocrx_word' id='word_1_7' title='bbox 630 406 760 503; x_wconf 89' lang='lat' dir='ltr'><strong>tradit,</strong></span> <span class='ocrx_word' id='word_1_8' title='bbox 779 436 869 509; x_wconf 80' lang='lat' dir='ltr'><strong>quae</strong></span> <span class='ocrx_word' id='word_1_9' title='bbox 893 409 993 511; x_wconf 89' lang='lat' dir='ltr'><strong>apud</strong></span> <span class='ocrx_word' id='word_1_10' title='bbox 1014 413 1199 491; x_wconf 85' lang='lat' dir='ltr'><strong>aliusnon</strong></span> <span class='ocrx_word' id='word_1_11' title='bbox 1306 437 1314 447; x_wconf 93' lang='grc'><em>·</em></span> 
     </span>
     <span class='ocr_line' id='line_1_3' title="bbox 91 508 1198 614; baseline 0.004 -25"><span class='ocrx_word' id='word_1_12' title='bbox 91 510 227 589; x_wconf 75' lang='lat' dir='ltr'><strong>temere</strong></span> <span class='ocrx_word' id='word_1_13' title='bbox 258 508 423 610; x_wconf 73' lang='lat' dir='ltr'>reperias.</span> <span class='ocrx_word' id='word_1_14' title='bbox 484 508 590 585; x_wconf 81' lang='lat' dir='ltr'><strong>Hanc</strong></span> <span class='ocrx_word' id='word_1_15' title='bbox 605 562 607 566; x_wconf 93' lang='lat'>-</span> <span class='ocrx_word' id='word_1_16' title='bbox 624 533 761 610; x_wconf 89' lang='lat' dir='ltr'><strong>partem</strong></span> <span class='ocrx_word' id='word_1_17' title='bbox 794 515 904 611; x_wconf 87' lang='lat' dir='ltr'><strong>probe</strong></span> <span class='ocrx_word' id='word_1_18' title='bbox 943 515 1198 614; x_wconf 84' lang='lat' dir='ltr'><strong>perspexerunt</strong></span> 
     </span>
     <span class='ocr_line' id='line_1_4' title="bbox 92 610 1196 714; baseline 0.005 -24"><span class='ocrx_word' id='word_1_19' title='bbox 92 615 285 711; x_wconf 83' lang='lat' dir='ltr'><strong>Salmafins</strong></span> <span class='ocrx_word' id='word_1_20' title='bbox 322 619 357 686; x_wconf 88' lang='lat' dir='ltr'><strong>et</strong></span> <span class='ocrx_word' id='word_1_21' title='bbox 391 610 570 705; x_wconf 84' lang='lat' dir='ltr'><strong>Vulefius,</strong></span> <span class='ocrx_word' id='word_1_22' title='bbox 614 615 771 687; x_wconf 84' lang='lat' dir='ltr'><strong>Samueli</strong></span> <span class='ocrx_word' id='word_1_23' title='bbox 804 616 919 690; x_wconf 87' lang='lat' dir='ltr'><strong>Petito</strong></span> <span class='ocrx_word' id='word_1_24' title='bbox 956 645 1070 714; x_wconf 86' lang='lat' dir='ltr'><strong>nsque</strong></span> <span class='ocrx_word' id='word_1_25' title='bbox 1104 623 1196 697; x_wconf 86' lang='lat' dir='ltr'><strong>adeo</strong></span> 
     </span>
     <span class='ocr_line' id='line_1_5' title="bbox 91 715 1198 821; baseline 0.005 -30"><span class='ocrx_word' id='word_1_26' title='bbox 91 720 271 818; x_wconf 73' lang='lat' dir='ltr'><strong>ignotam,</strong></span> <span class='ocrx_word' id='word_1_27' title='bbox 302 724 343 789; x_wconf 85' lang='lat' dir='ltr'><strong>ut</strong></span> <span class='ocrx_word' id='word_1_28' title='bbox 365 717 402 787; x_wconf 90' lang='lat' dir='ltr'><strong>in</strong></span> <span class='ocrx_word' id='word_1_29' title='bbox 427 715 711 813; x_wconf 70' lang='lat' dir='ltr'><strong>Commentario,</strong></span> <span class='ocrx_word' id='word_1_30' title='bbox 746 743 853 813; x_wconf 89' lang='lat' dir='ltr'><strong>quem</strong></span> <span class='ocrx_word' id='word_1_31' title='bbox 876 719 914 790; x_wconf 90' lang='lat' dir='ltr'><strong>in</strong></span> <span class='ocrx_word' id='word_1_32' title='bbox 942 719 1078 793; x_wconf 91' lang='lat' dir='ltr'><strong>Atticas</strong></span> <span class='ocrx_word' id='word_1_33' title='bbox 1102 724 1198 821; x_wconf 82' lang='lat' dir='ltr'><strong>leges</strong></span> 
     </span>
     <span class='ocr_line' id='line_1_6' title="bbox 91 818 1196 920; baseline 0.004 -27"><span class='ocrx_word' id='word_1_34' title='bbox 91 818 319 920; x_wconf 72' lang='lat' dir='ltr'><strong>eonscriplit,</strong></span> <span class='ocrx_word' id='word_1_35' title='bbox 349 819 407 891; x_wconf 89' lang='lat' dir='ltr'><strong>bis</strong></span> <span class='ocrx_word' id='word_1_36' title='bbox 431 839 567 891; x_wconf 85' lang='lat' dir='ltr'><strong>tautum</strong></span> <span class='ocrx_word' id='word_1_37' title='bbox 603 841 663 893; x_wconf 89' lang='lat' dir='ltr'><strong>aut</strong></span> <span class='ocrx_word' id='word_1_38' title='bbox 693 820 739 891; x_wconf 91' lang='lat' dir='ltr'><strong>ad</strong></span> <span class='ocrx_word' id='word_1_39' title='bbox 764 820 940 893; x_wconf 89' lang='lat' dir='ltr'><strong>sumntum</strong></span> <span class='ocrx_word' id='word_1_40' title='bbox 966 844 1022 893; x_wconf 89' lang='lat' dir='ltr'><strong>ter</strong></span> <span class='ocrx_word' id='word_1_41' title='bbox 1048 825 1196 898; x_wconf 90' lang='lat' dir='ltr'><strong>Ammo·</strong></span> 
     </span>
     <span class='ocr_line' id='line_1_7' title="bbox 90 920 1196 1026; baseline 0.003 -29"><span class='ocrx_word' id='word_1_42' title='bbox 90 925 144 997; x_wconf 86' lang='lat' dir='ltr'><strong>nii</strong></span> <span class='ocrx_word' id='word_1_43' title='bbox 167 922 386 996; x_wconf 84' lang='lat' dir='ltr'><strong>mentionem</strong></span> <span class='ocrx_word' id='word_1_44' title='bbox 414 920 586 994; x_wconf 88' lang='lat' dir='ltr'><strong>iniecerit.</strong></span> <span class='ocrx_word' id='word_1_45' title='bbox 638 922 713 995; x_wconf 90' lang='lat' dir='ltr'><strong>Sed</strong></span> <span class='ocrx_word' id='word_1_46' title='bbox 740 924 776 994; x_wconf 89' lang='lat' dir='ltr'><strong>in</strong></span> <span class='ocrx_word' id='word_1_47' title='bbox 808 923 1020 996; x_wconf 78' lang='lat' dir='ltr'>Oratoribus</span> <span class='ocrx_word' id='word_1_48' title='bbox 1040 927 1196 1026; x_wconf 75' lang='lat' dir='ltr'><strong>antiquis</strong></span> 
     </span>
     <span class='ocr_line' id='line_1_8' title="bbox 91 1021 1196 1121; baseline 0.001 -21"><span class='ocrx_word' id='word_1_49' title='bbox 91 1024 297 1101; x_wconf 86' lang='lat' dir='ltr'><strong>evolvendis</strong></span> <span class='ocrx_word' id='word_1_50' title='bbox 328 1021 628 1121; x_wconf 81' lang='lat' dir='ltr'><strong>diligentiffimus,</strong></span> <span class='ocrx_word' id='word_1_51' title='bbox 662 1023 797 1098; x_wconf 79' lang='lat' dir='ltr'><strong>Peticus</strong></span> <span class='ocrx_word' id='word_1_52' title='bbox 830 1027 962 1100; x_wconf 87' lang='lat' dir='ltr'><strong>minori</strong></span> <span class='ocrx_word' id='word_1_53' title='bbox 997 1054 1078 1101; x_wconf 88' lang='lat' dir='ltr'><strong>cnm</strong></span> <span class='ocrx_word' id='word_1_54' title='bbox 1108 1057 1196 1102; x_wconf 76' lang='lat' dir='ltr'><strong>cura</strong></span> 
     </span>
     <span class='ocr_line' id='line_1_9' title="bbox 91 1125 1196 1205; baseline -0.002 0"><span class='ocrx_word' id='word_1_55' title='bbox 91 1127 342 1205; x_wconf 72' lang='lat' dir='ltr'><strong>Grammaticis</strong></span> <span class='ocrx_word' id='word_1_56' title='bbox 355 1125 536 1198; x_wconf 84' lang='lat' dir='ltr'><strong>decenter</strong></span> <span class='ocrx_word' id='word_1_57' title='bbox 567 1126 747 1200; x_wconf 83' lang='lat' dir='ltr'><strong>versandis</strong></span> <span class='ocrx_word' id='word_1_58' title='bbox 782 1127 955 1201; x_wconf 86' lang='lat' dir='ltr'><strong>incubuit.</strong></span> <span class='ocrx_word' id='word_1_59' title='bbox 1015 1130 1196 1204; x_wconf 83' lang='lat' dir='ltr'><strong>Invidiosa</strong></span> 
     </span>
     <span class='ocr_line' id='line_1_10' title="bbox 89 1227 1195 1309; baseline 0.002 -5"><span class='ocrx_word' id='word_1_60' title='bbox 89 1254 209 1305; x_wconf 87' lang='lat' dir='ltr'><strong>autern</strong></span> <span class='ocrx_word' id='word_1_61' title='bbox 230 1227 392 1303; x_wconf 79' lang='lat' dir='ltr'><strong>Silnmlii</strong></span> <span class='ocrx_word' id='word_1_62' title='bbox 412 1230 449 1300; x_wconf 87' lang='lat' dir='ltr'><strong>in</strong></span> <span class='ocrx_word' id='word_1_63' title='bbox 477 1229 668 1309; x_wconf 76' lang='lat' dir='ltr'><strong>Ammonio</strong></span> <span class='ocrx_word' id='word_1_64' title='bbox 688 1229 834 1304; x_wconf 89' lang='lat' dir='ltr'><strong>citando</strong></span> <span class='ocrx_word' id='word_1_65' title='bbox 859 1230 1026 1304; x_wconf 79' lang='lat' dir='ltr'><strong>sedulitas</strong></span> <span class='ocrx_word' id='word_1_66' title='bbox 1050 1233 1195 1306; x_wconf 87' lang='lat' dir='ltr'><strong>Deside-</strong></span> 
     </span>
     <span class='ocr_line' id='line_1_11' title="bbox 90 1331 1194 1430; baseline 0 -23"><span class='ocrx_word' id='word_1_67' title='bbox 90 1335 145 1408; x_wconf 92' lang='lat' dir='ltr'><strong>rio</strong></span> <span class='ocrx_word' id='word_1_68' title='bbox 177 1331 337 1407; x_wconf 84' lang='lat' dir='ltr'><strong>Heraldo</strong></span> <span class='ocrx_word' id='word_1_69' title='bbox 365 1331 502 1423; x_wconf 84' lang='lat' dir='ltr'><strong>ohsuit,</strong></span> <span class='ocrx_word' id='word_1_70' title='bbox 536 1332 729 1430; x_wconf 86' lang='lat' dir='ltr'><strong>quominus</strong></span> <span class='ocrx_word' id='word_1_71' title='bbox 756 1335 950 1407; x_wconf 88' lang='lat' dir='ltr'><strong>Ammonio</strong></span> <span class='ocrx_word' id='word_1_72' title='bbox 976 1357 1134 1407; x_wconf 89' lang='lat' dir='ltr'><strong>uteretur</strong></span> <span class='ocrx_word' id='word_1_73' title='bbox 1154 1336 1194 1408; x_wconf 91' lang='lat' dir='ltr'><strong>in</strong></span> 
     </span>
     <span class='ocr_line' id='line_1_12' title="bbox 89 1433 1193 1515; baseline 0.004 -4"><span class='ocrx_word' id='word_1_74' title='bbox 89 1433 467 1511; x_wconf 82' lang='lat' dir='ltr'><strong>Animadverfionibus</strong></span> <span class='ocrx_word' id='word_1_75' title='bbox 504 1434 542 1505; x_wconf 89' lang='lat' dir='ltr'><strong>in</strong></span> <span class='ocrx_word' id='word_1_76' title='bbox 578 1435 686 1506; x_wconf 87' lang='lat' dir='ltr'><strong>Saltu.</strong></span> <span class='ocrx_word' id='word_1_77' title='bbox 727 1436 815 1509; x_wconf 74' lang='grc' dir='ltr'><strong>ΟΜ.</strong></span> <span class='ocrx_word' id='word_1_78' title='bbox 844 1436 890 1509; x_wconf 89' lang='lat' dir='ltr'><strong>ad</strong></span> <span class='ocrx_word' id='word_1_79' title='bbox 923 1445 978 1512; x_wconf 87' lang='lat' dir='ltr'><strong>tus</strong></span> <span class='ocrx_word' id='word_1_80' title='bbox 1011 1439 1056 1513; x_wconf 77' lang='lat' dir='ltr'><strong>A.</strong></span> <span class='ocrx_word' id='word_1_81' title='bbox 1086 1460 1125 1510; x_wconf 90' lang='lat' dir='ltr'><strong>ct·</strong></span> <span class='ocrx_word' id='word_1_82' title='bbox 1150 1439 1193 1515; x_wconf 70' lang='lat' dir='ltr'><strong>R·</strong></span> 
     </span>
     <span class='ocr_line' id='line_1_13' title="bbox 92 1536 1193 1639; baseline 0.002 -28"><span class='ocrx_word' id='word_1_83' title='bbox 92 1536 672 1637; x_wconf 73' lang='lat' dir='ltr'><strong>quarum&#39;cruditamhonitntem</strong></span> <span class='ocrx_word' id='word_1_84' title='bbox 697 1559 809 1610; x_wconf 82' lang='lat' dir='ltr'><strong>totam</strong></span> <span class='ocrx_word' id='word_1_85' title='bbox 838 1564 928 1637; x_wconf 88' lang='lat' dir='ltr'><strong>pene</strong></span> <span class='ocrx_word' id='word_1_86' title='bbox 955 1541 1117 1639; x_wconf 84' lang='lat' dir='ltr'><strong>corrupit</strong></span> <span class='ocrx_word' id='word_1_87' title='bbox 1141 1541 1193 1613; x_wconf 86' lang='lat' dir='ltr'><strong>la·</strong></span> 
     </span>
     <span class='ocr_line' id='line_1_14' title="bbox 89 1637 1193 1740; baseline 0.002 -26"><span class='ocrx_word' id='word_1_88' title='bbox 89 1641 233 1716; x_wconf 83' lang='lat' dir='ltr'><strong>horiosa</strong></span> <span class='ocrx_word' id='word_1_89' title='bbox 254 1641 517 1732; x_wconf 85' lang='lat' dir='ltr'><strong>conviciorum,</strong></span> <span class='ocrx_word' id='word_1_90' title='bbox 544 1637 671 1713; x_wconf 88' lang='lat' dir='ltr'><strong>sedin</strong></span> <span class='ocrx_word' id='word_1_91' title='bbox 696 1641 925 1732; x_wconf 75' lang='lat' dir='ltr'><strong>salmasium,</strong></span> <span class='ocrx_word' id='word_1_92' title='bbox 953 1644 1100 1740; x_wconf 85' lang='lat' dir='ltr'><strong>farrago.</strong></span> <span class='ocrx_word' id='word_1_93' title='bbox 1151 1642 1193 1716; x_wconf 86' lang='lat' dir='ltr'><strong>si</strong></span> 
     </span>
     <span class='ocr_line' id='line_1_15' title="bbox 88 1740 1247 1843; baseline 0.002 -27"><span class='ocrx_word' id='word_1_94' title='bbox 88 1740 177 1843; x_wconf 77' lang='lat' dir='ltr'><strong>quia</strong></span> <span class='ocrx_word' id='word_1_95' title='bbox 196 1748 306 1843; x_wconf 79' lang='lat' dir='ltr'><strong>porro</strong></span> <span class='ocrx_word' id='word_1_96' title='bbox 328 1769 402 1815; x_wconf 87' lang='lat' dir='ltr'><strong>rem</strong></span> <span class='ocrx_word' id='word_1_97' title='bbox 422 1763 582 1816; x_wconf 82' lang='lat' dir='ltr'><strong>veterum</strong></span> <span class='ocrx_word' id='word_1_98' title='bbox 608 1741 802 1815; x_wconf 76' lang='lat' dir='ltr'><strong>literariam</strong></span> <span class='ocrx_word' id='word_1_99' title='bbox 825 1742 976 1840; x_wconf 80' lang='lat' dir='ltr'><strong>cogitet,</strong></span> <span class='ocrx_word' id='word_1_100' title='bbox 1004 1765 1093 1840; x_wconf 89' lang='lat' dir='ltr'><strong>quot</strong></span> <span class='ocrx_word' id='word_1_101' title='bbox 1116 1772 1192 1818; x_wconf 91' lang='lat' dir='ltr'><strong>non</strong></span> <span class='ocrx_word' id='word_1_102' title='bbox 1238 1760 1247 1767; x_wconf 84' lang='grc'><strong>“</strong></span> 
     </span>
     <span class='ocr_line' id='line_1_16' title="bbox 87 1843 1198 1944; baseline -0.001 -25"><span class='ocrx_word' id='word_1_103' title='bbox 87 1846 327 1944; x_wconf 79' lang='lat' dir='ltr'><strong>Tragicorutir</strong></span> <span class='ocrx_word' id='word_1_104' title='bbox 350 1866 386 1919; x_wconf 87' lang='lat' dir='ltr'><strong>et</strong></span> <span class='ocrx_word' id='word_1_105' title='bbox 418 1843 651 1917; x_wconf 89' lang='lat' dir='ltr'><strong>Comicorum</strong></span> <span class='ocrx_word' id='word_1_106' title='bbox 676 1844 813 1917; x_wconf 82' lang='lat' dir='ltr'><strong>fabulas</strong></span> <span class='ocrx_word' id='word_1_107' title='bbox 840 1844 926 1942; x_wconf 81' lang='lat' dir='ltr'><strong>legit</strong></span> <span class='ocrx_word' id='word_1_108' title='bbox 958 1847 1076 1918; x_wconf 85' lang='lat' dir='ltr'><strong>Amm.</strong></span> <span class='ocrx_word' id='word_1_109' title='bbox 1104 1872 1198 1941; x_wconf 76' lang='lat' dir='ltr'><strong>qua·¹</strong></span> 
     </span>
     <span class='ocr_line' id='line_1_17' title="bbox 90 1946 1192 2047; baseline 0.001 -25"><span class='ocrx_word' id='word_1_110' title='bbox 90 1976 174 2022; x_wconf 84' lang='lat' dir='ltr'><strong>rum</strong></span> <span class='ocrx_word' id='word_1_111' title='bbox 196 1950 333 2047; x_wconf 79' lang='lat' dir='ltr'><strong>absque</strong></span> <span class='ocrx_word' id='word_1_112' title='bbox 362 1975 406 2022; x_wconf 89' lang='lat' dir='ltr'><strong>eo</strong></span> <span class='ocrx_word' id='word_1_113' title='bbox 440 1947 546 2019; x_wconf 89' lang='lat' dir='ltr'><strong>etiam</strong></span> <span class='ocrx_word' id='word_1_114' title='bbox 576 1973 706 2023; x_wconf 89' lang='lat' dir='ltr'><strong>nornen</strong></span> <span class='ocrx_word' id='word_1_115' title='bbox 745 1946 1015 2044; x_wconf 81' lang='lat' dir='ltr'><strong>ignoraremus?</strong></span> <span class='ocrx_word' id='word_1_116' title='bbox 1061 1947 1192 2023; x_wconf 79' lang='lat' dir='ltr'><strong>Linos</strong></span> 
     </span>
     <span class='ocr_line' id='line_1_18' title="bbox 88 2050 1191 2150; baseline -0.001 -26"><span class='ocrx_word' id='word_1_117' title='bbox 88 2052 251 2150; x_wconf 85' lang='lat' dir='ltr'><strong>integros·</strong></span> <span class='ocrx_word' id='word_1_118' title='bbox 281 2051 384 2143; x_wconf 81' lang='lat' dir='ltr'><strong>c&#39;itat,</strong></span> <span class='ocrx_word' id='word_1_119' title='bbox 414 2077 570 2146; x_wconf 91' lang='lat' dir='ltr'><strong>quorum</strong></span> <span class='ocrx_word' id='word_1_120' title='bbox 602 2050 682 2141; x_wconf 90' lang='lat' dir='ltr'><strong>alii,</strong></span> <span class='ocrx_word' id='word_1_121' title='bbox 721 2051 826 2123; x_wconf 89' lang='lat' dir='ltr'><strong>etiam</strong></span> <span class='ocrx_word' id='word_1_122' title='bbox 857 2050 1029 2149; x_wconf 85' lang='lat' dir='ltr'><strong>antiqui,¹</strong></span> <span class='ocrx_word' id='word_1_123' title='bbox 1051 2071 1191 2123; x_wconf 88' lang='lat' dir='ltr'><strong>tantum</strong></span> 
     </span>
     <span class='ocr_line' id='line_1_19' title="bbox 88 2150 1193 2254; baseline -0.001 -27"><span class='ocrx_word' id='word_1_124' title='bbox 88 2155 241 2254; x_wconf 83' lang='lat' dir='ltr'><strong>legerint</strong></span> <span class='ocrx_word' id='word_1_125' title='bbox 296 2153 479 2251; x_wconf 85' lang='lat' dir='ltr'><strong>epitomas.</strong></span> <span class='ocrx_word' id='word_1_126' title='bbox 550 2153 723 2226; x_wconf 88' lang='lat' dir='ltr'><strong>Auctores</strong></span> <span class='ocrx_word' id='word_1_127' title='bbox 776 2154 1013 2252; x_wconf 85' lang='lat' dir='ltr'><strong>homonymos</strong></span> <span class='ocrx_word' id='word_1_128' title='bbox 1062 2150 1193 2226; x_wconf 88' lang='lat' dir='ltr'><strong>sedulo</strong></span> 
     </span>
     <span class='ocr_line' id='line_1_20' title="bbox 90 2252 1190 2354; baseline -0.002 -23"><span class='ocrx_word' id='word_1_129' title='bbox 90 2256 269 2331; x_wconf 75' lang='lat' dir='ltr'><strong>discernit</strong></span> <span class='ocrx_word' id='word_1_130' title='bbox 322 2256 413 2340; x_wconf 80' lang='lat' dir='ltr'><strong>Quis</strong></span> <span class='ocrx_word' id='word_1_131' title='bbox 436 2253 585 2353; x_wconf 74' lang='lat' dir='ltr'><strong>Didymi</strong></span> <span class='ocrx_word' id='word_1_132' title='bbox 610 2256 650 2326; x_wconf 85' lang='lat' dir='ltr'><strong>in</strong></span> <span class='ocrx_word' id='word_1_133' title='bbox 672 2252 888 2348; x_wconf 85' lang='lat' dir='ltr'><strong>Homerum,</strong></span> <span class='ocrx_word' id='word_1_134' title='bbox 914 2255 1073 2354; x_wconf 88' lang='lat' dir='ltr'><strong>aliosque</strong></span> <span class='ocrx_word' id='word_1_135' title='bbox 1100 2253 1190 2329; x_wconf 86' lang='lat' dir='ltr'><strong>Poe·</strong></span> 
     </span>
     <span class='ocr_line' id='line_1_21' title="bbox 89 2356 1189 2456; baseline 0.001 -26"><span class='ocrx_word' id='word_1_136' title='bbox 89 2379 144 2431; x_wconf 84' lang='lat' dir='ltr'><strong>tas</strong></span> <span class='ocrx_word' id='word_1_137' title='bbox 165 2358 441 2433; x_wconf 82' lang='lat' dir='ltr'><strong>commentarios</strong></span> <span class='ocrx_word' id='word_1_138' title='bbox 462 2356 660 2429; x_wconf 79' lang='lat' dir='ltr'><strong>memorat?</strong></span> <span class='ocrx_word' id='word_1_139' title='bbox 713 2358 811 2445; x_wconf 90' lang='lat' dir='ltr'><strong>Quis.</strong></span> <span class='ocrx_word' id='word_1_140' title='bbox 832 2359 969 2456; x_wconf 86' lang='lat' dir='ltr'><strong>reliqua</strong></span> <span class='ocrx_word' id='word_1_141' title='bbox 1003 2361 1189 2431; x_wconf 88' lang='lat' dir='ltr'><strong>Gramma·</strong></span> 
     </span>
     <span class='ocr_line' id='line_1_22' title="bbox 87 2458 1189 2561; baseline -0.003 -25"><span class='ocrx_word' id='word_1_142' title='bbox 87 2462 244 2536; x_wconf 90' lang='lat' dir='ltr'><strong>ticornm</strong></span> <span class='ocrx_word' id='word_1_143' title='bbox 268 2482 303 2534; x_wconf 92' lang='lat' dir='ltr'><strong>et</strong></span> <span class='ocrx_word' id='word_1_144' title='bbox 329 2460 494 2559; x_wconf 81' lang='lat' dir='ltr'><strong>inprimis</strong></span> <span class='ocrx_word' id='word_1_145' title='bbox 515 2461 650 2559; x_wconf 83' lang='lat' dir='ltr'><strong>egregia</strong></span> <span class='ocrx_word' id='word_1_146' title='bbox 677 2459 884 2561; x_wconf 76' lang='lat' dir='ltr'><strong>Tryphonis</strong></span> <span class='ocrx_word' id='word_1_147' title='bbox 911 2458 1048 2559; x_wconf 79' lang='lat' dir='ltr'><strong>opera?</strong></span> <span class='ocrx_word' id='word_1_148' title='bbox 1096 2461 1189 2547; x_wconf 81' lang='lat' dir='ltr'><strong>Quis</strong></span> 
     </span>
     <span class='ocr_line' id='line_1_23' title="bbox 87 2558 1188 2662; baseline -0.004 -25"><span class='ocrx_word' id='word_1_149' title='bbox 87 2564 318 2638; x_wconf 77' lang='lat' dir='ltr'><strong>Aristotelem</strong></span> <span class='ocrx_word' id='word_1_150' title='bbox 337 2563 389 2635; x_wconf 85' lang='lat' dir='ltr'><strong>de·</strong></span> <span class='ocrx_word' id='word_1_151' title='bbox 407 2564 489 2635; x_wconf 87' lang='lat' dir='ltr'><strong>lure</strong></span> <span class='ocrx_word' id='word_1_152' title='bbox 512 2562 605 2634; x_wconf 87' lang='lat' dir='ltr'><strong>Belli</strong></span> <span class='ocrx_word' id='word_1_153' title='bbox 635 2562 803 2662; x_wconf 87' lang='lat' dir='ltr'><strong>scripsisse</strong></span> <span class='ocrx_word' id='word_1_154' title='bbox 837 2562 982 2635; x_wconf 90' lang='lat' dir='ltr'><strong>tandem</strong></span> <span class='ocrx_word' id='word_1_155' title='bbox 1013 2558 1188 2635; x_wconf 72' lang='lat' dir='ltr'><strong>tradidit?</strong></span> 
     </span>
     <span class='ocr_line' id='line_1_24' title="bbox 87 2665 1188 2762; baseline -0.005 -23"><span class='ocrx_word' id='word_1_156' title='bbox 87 2665 494 2742; x_wconf 76' lang='lat' dir='ltr'><strong>Praeterhmmoniutn</strong></span> <span class='ocrx_word' id='word_1_157' title='bbox 519 2691 635 2741; x_wconf 87' lang='lat' dir='ltr'><strong>uento.</strong></span> <span class='ocrx_word' id='word_1_158' title='bbox 689 2665 730 2737; x_wconf 90' lang='lat' dir='ltr'><strong>ln</strong></span> <span class='ocrx_word' id='word_1_159' title='bbox 765 2691 806 2737; x_wconf 90' lang='lat' dir='ltr'><strong>ea</strong></span> <span class='ocrx_word' id='word_1_160' title='bbox 827 2690 881 2755; x_wconf 88' lang='lat' dir='ltr'><strong>re,</strong></span> <span class='ocrx_word' id='word_1_161' title='bbox 906 2692 975 2762; x_wconf 93' lang='lat' dir='ltr'><strong>qua</strong></span> <span class='ocrx_word' id='word_1_162' title='bbox 1000 2666 1188 2737; x_wconf 89' lang='lat' dir='ltr'><strong>Gramma·</strong></span> 
     </span>
     <span class='ocr_line' id='line_1_25' title="bbox 88 2764 1285 2862; baseline -0.005 -22"><span class='ocrx_word' id='word_1_163' title='bbox 88 2769 245 2842; x_wconf 77' lang='lat' dir='ltr'><strong>cicorum</strong></span> <span class='ocrx_word' id='word_1_164' title='bbox 295 2769 490 2842; x_wconf 88' lang='lat' dir='ltr'><strong>bonitatem</strong></span> <span class='ocrx_word' id='word_1_165' title='bbox 536 2765 678 2838; x_wconf 84' lang='lat' dir='ltr'><strong>censere</strong></span> <span class='ocrx_word' id='word_1_166' title='bbox 717 2764 979 2857; x_wconf 85' lang='lat' dir='ltr'><strong>consuevimus,</strong></span> <span class='ocrx_word' id='word_1_167' title='bbox 1028 2785 1187 2862; x_wconf 85' lang='lat' dir='ltr'><strong>veterum</strong></span> <span class='ocrx_word' id='word_1_168' title='bbox 1284 2839 1285 2842; x_wconf 49' lang='lat'><strong>,</strong></span> 
     </span>
     <span class='ocr_line' id='line_1_26' title="bbox 90 2865 1199 2969; baseline -0.001 -27"><span class='ocrx_word' id='word_1_169' title='bbox 90 2869 199 2961; x_wconf 87' lang='lat' dir='ltr'><strong>dico,</strong></span> <span class='ocrx_word' id='word_1_170' title='bbox 232 2870 294 2969; x_wconf 85' lang='lat' dir='ltr'><strong>qui</strong></span> <span class='ocrx_word' id='word_1_171' title='bbox 318 2871 421 2943; x_wconf 90' lang='lat' dir='ltr'><strong>nohis</strong></span> <span class='ocrx_word' id='word_1_172' title='bbox 449 2869 487 2940; x_wconf 90' lang='lat' dir='ltr'><strong>in</strong></span> <span class='ocrx_word' id='word_1_173' title='bbox 513 2890 695 2940; x_wconf 86' lang='lat' dir='ltr'><strong>aeternum</strong></span> <span class='ocrx_word' id='word_1_174' title='bbox 726 2866 924 2966; x_wconf 90' lang='lat' dir='ltr'><strong>perierunt,</strong></span> <span class='ocrx_word' id='word_1_175' title='bbox 957 2865 1070 2941; x_wconf 84' lang='lat' dir='ltr'><strong>verbis</strong></span> <span class='ocrx_word' id='word_1_176' title='bbox 1100 2893 1199 2941; x_wconf 88' lang='lat' dir='ltr'><strong>con·.</strong></span> 
     </span>
     <span class='ocr_line' id='line_1_27' title="bbox 87 2968 1184 3063; baseline -0.005 -17"><span class='ocrx_word' id='word_1_177' title='bbox 87 2971 267 3046; x_wconf 82' lang='lat' dir='ltr'><strong>servandis</strong></span> <span class='ocrx_word' id='word_1_178' title='bbox 296 2971 387 3044; x_wconf 89' lang='lat' dir='ltr'><strong>adeo</strong></span> <span class='ocrx_word' id='word_1_179' title='bbox 414 2971 518 3044; x_wconf 90' lang='lat' dir='ltr'><strong>etiam</strong></span> <span class='ocrx_word' id='word_1_180' title='bbox 547 2972 688 3044; x_wconf 74' lang='lat' dir='ltr'><strong>excellit</strong></span> <span class='ocrx_word' id='word_1_181' title='bbox 713 2968 857 3063; x_wconf 86' lang='lat' dir='ltr'><strong>Noster,</strong></span> <span class='ocrx_word' id='word_1_182' title='bbox 890 2992 930 3042; x_wconf 91' lang='lat' dir='ltr'><strong>ut</strong></span> <span class='ocrx_word' id='word_1_183' title='bbox 952 2970 1006 3044; x_wconf 84' lang='lat' dir='ltr'><strong>vel</strong></span> <span class='ocrx_word' id='word_1_184' title='bbox 1032 2996 1107 3040; x_wconf 88' lang='lat' dir='ltr'><strong>eam</strong></span> <span class='ocrx_word' id='word_1_185' title='bbox 1136 2970 1184 3042; x_wconf 91' lang='lat' dir='ltr'><strong>oh</strong></span> 
     </span>
     <span class='ocr_line' id='line_1_28' title="bbox 88 3070 1185 3174; baseline -0.003 -27"><span class='ocrx_word' id='word_1_186' title='bbox 88 3076 260 3148; x_wconf 87' lang='lat' dir='ltr'><strong>rationem</strong></span> <span class='ocrx_word' id='word_1_187' title='bbox 286 3102 358 3148; x_wconf 90' lang='lat' dir='ltr'><strong>non</strong></span> <span class='ocrx_word' id='word_1_188' title='bbox 385 3074 500 3148; x_wconf 91' lang='lat' dir='ltr'><strong>solum</strong></span> <span class='ocrx_word' id='word_1_189' title='bbox 524 3073 695 3174; x_wconf 81' lang='lat' dir='ltr'><strong>Stephani</strong></span> <span class='ocrx_word' id='word_1_190' title='bbox 721 3101 805 3145; x_wconf 90' lang='lat' dir='ltr'><strong>cura</strong></span> <span class='ocrx_word' id='word_1_191' title='bbox 831 3072 979 3172; x_wconf 84' lang='lat' dir='ltr'><strong>dignus,</strong></span> <span class='ocrx_word' id='word_1_192' title='bbox 1004 3070 1066 3145; x_wconf 88' lang='lat' dir='ltr'><strong>sed</strong></span> <span class='ocrx_word' id='word_1_193' title='bbox 1085 3072 1185 3144; x_wconf 91' lang='lat' dir='ltr'><strong>omni</strong></span> 
     </span>
     <span class='ocr_line' id='line_1_29' title="bbox 89 3175 1184 3276; baseline -0.001 -28"><span class='ocrx_word' id='word_1_194' title='bbox 89 3203 236 3276; x_wconf 87' lang='lat' dir='ltr'><strong>quoque</strong></span> <span class='ocrx_word' id='word_1_195' title='bbox 266 3176 372 3248; x_wconf 90' lang='lat' dir='ltr'><strong>laude</strong></span> <span class='ocrx_word' id='word_1_196' title='bbox 405 3177 447 3247; x_wconf 88' lang='lat' dir='ltr'><strong>lit</strong></span> <span class='ocrx_word' id='word_1_197' title='bbox 473 3178 728 3268; x_wconf 86' lang='lat' dir='ltr'><strong>cumulandus,</strong></span> <span class='ocrx_word' id='word_1_198' title='bbox 757 3175 892 3275; x_wconf 87' lang='lat' dir='ltr'><strong>quippe</strong></span> <span class='ocrx_word' id='word_1_199' title='bbox 923 3176 985 3273; x_wconf 89' lang='lat' dir='ltr'><strong>qui</strong></span> <span class='ocrx_word' id='word_1_200' title='bbox 1008 3176 1184 3248; x_wconf 89' lang='lat' dir='ltr'><strong>honarum</strong></span> 
     </span>
     <span class='ocr_line' id='line_1_30' title="bbox 88 3275 1183 3377; baseline -0.007 -24"><span class='ocrx_word' id='word_1_201' title='bbox 88 3306 211 3353; x_wconf 86' lang='lat' dir='ltr'><strong>rerum</strong></span> <span class='ocrx_word' id='word_1_202' title='bbox 237 3279 403 3377; x_wconf 89' lang='lat' dir='ltr'><strong>reliquias</strong></span> <span class='ocrx_word' id='word_1_203' title='bbox 421 3301 516 3373; x_wconf 89' lang='lat' dir='ltr'><strong>tauta</strong></span> <span class='ocrx_word' id='word_1_204' title='bbox 541 3306 623 3350; x_wconf 90' lang='lat' dir='ltr'><strong>cum</strong></span> <span class='ocrx_word' id='word_1_205' title='bbox 650 3307 733 3371; x_wconf 78' lang='lat' dir='ltr'><strong>cura</strong></span> <span class='ocrx_word' id='word_1_206' title='bbox 755 3278 990 3352; x_wconf 83' lang='lat' dir='ltr'><strong>custodiverit.</strong></span> <span class='ocrx_word' id='word_1_207' title='bbox 1021 3275 1183 3360; x_wconf 83' lang='lat' dir='ltr'><strong>Quodsi</strong></span> 
     </span>
     <span class='ocr_line' id='line_1_31' title="bbox 86 3377 1183 3480; baseline -0.004 -27"><span class='ocrx_word' id='word_1_208' title='bbox 86 3382 248 3480; x_wconf 89' lang='lat' dir='ltr'><strong>perversa</strong></span> <span class='ocrx_word' id='word_1_209' title='bbox 264 3381 436 3480; x_wconf 88' lang='lat' dir='ltr'><strong>Stephani</strong></span> <span class='ocrx_word' id='word_1_210' title='bbox 462 3382 549 3454; x_wconf 90' lang='lat' dir='ltr'><strong>ratio</strong></span> <span class='ocrx_word' id='word_1_211' title='bbox 572 3383 694 3454; x_wconf 91' lang='lat' dir='ltr'><strong>locum</strong></span> <span class='ocrx_word' id='word_1_212' title='bbox 714 3381 900 3478; x_wconf 88' lang='lat' dir='ltr'><strong>reperiret,</strong></span> <span class='ocrx_word' id='word_1_213' title='bbox 924 3379 1003 3478; x_wconf 91' lang='lat' dir='ltr'><strong>quis</strong></span> <span class='ocrx_word' id='word_1_214' title='bbox 1021 3377 1183 3449; x_wconf 89' lang='lat' dir='ltr'><strong>Nonium</strong></span> 
     </span>
     <span class='ocr_line' id='line_1_32' title="bbox 88 3479 1184 3583; baseline -0.008 -25"><span class='ocrx_word' id='word_1_215' title='bbox 88 3484 304 3558; x_wconf 85' lang='lat' dir='ltr'><strong>Marcellum</strong></span> <span class='ocrx_word' id='word_1_216' title='bbox 364 3482 509 3556; x_wconf 90' lang='lat' dir='ltr'><strong>tandem</strong></span> <span class='ocrx_word' id='word_1_217' title='bbox 560 3481 750 3583; x_wconf 81' lang='lat' dir='ltr'><strong>respiciat?</strong></span> <span class='ocrx_word' id='word_1_218' title='bbox 808 3482 907 3554; x_wconf 89' lang='lat' dir='ltr'><strong>huuc</strong></span> <span class='ocrx_word' id='word_1_219' title='bbox 961 3479 1184 3577; x_wconf 86' lang='lat' dir='ltr'><strong>elegantioris</strong></span> 
     </span>
     <span class='ocr_line' id='line_1_33' title="bbox 88 3583 1184 3683; baseline -0.005 -25"><span class='ocrx_word' id='word_1_220' title='bbox 88 3585 272 3659; x_wconf 86' lang='lat' dir='ltr'><strong>doctrinae</strong></span> <span class='ocrx_word' id='word_1_221' title='bbox 297 3586 348 3659; x_wconf 90' lang='lat' dir='ltr'><strong>vir</strong></span> <span class='ocrx_word' id='word_1_222' title='bbox 375 3585 479 3659; x_wconf 89' lang='lat' dir='ltr'><strong>lolias</strong></span> <span class='ocrx_word' id='word_1_223' title='bbox 500 3583 679 3659; x_wconf 83' lang='lat' dir='ltr'><strong>Mereerus</strong></span> <span class='ocrx_word' id='word_1_224' title='bbox 710 3583 916 3683; x_wconf 88' lang='lat' dir='ltr'><strong>scriptorem</strong></span> <span class='ocrx_word' id='word_1_225' title='bbox 945 3605 1046 3658; x_wconf 83' lang='lat' dir='ltr'><strong>vocat</strong></span> <span class='ocrx_word' id='word_1_226' title='bbox 1069 3608 1184 3676; x_wconf 77' lang='lat' dir='ltr'><strong>neque</strong></span> 
     </span>
     <span class='ocr_line' id='line_1_34' title="bbox 87 3687 1184 3784; baseline -0.005 -22"><span class='ocrx_word' id='word_1_227' title='bbox 87 3689 136 3762; x_wconf 79' lang='lat' dir='ltr'><strong>ab</strong></span> <span class='ocrx_word' id='word_1_228' title='bbox 168 3693 389 3779; x_wconf 81' lang='lat' dir='ltr'><strong>eruditione,</strong></span> <span class='ocrx_word' id='word_1_229' title='bbox 424 3714 536 3784; x_wconf 82' lang='lat' dir='ltr'><strong>neque</strong></span> <span class='ocrx_word' id='word_1_230' title='bbox 561 3717 586 3759; x_wconf 86' lang='lat' dir='ltr'><strong>o</strong></span> <span class='ocrx_word' id='word_1_231' title='bbox 609 3692 740 3760; x_wconf 80' lang='lat' dir='ltr'><strong>iudicio</strong></span> <span class='ocrx_word' id='word_1_232' title='bbox 751 3742 763 3776; x_wconf 87' lang='lat'><strong>,</strong></span> <span class='ocrx_word' id='word_1_233' title='bbox 803 3714 961 3784; x_wconf 78' lang='lat' dir='ltr'><strong>nequeo</strong></span> <span class='ocrx_word' id='word_1_234' title='bbox 996 3687 1184 3780; x_wconf 80' lang='lat' dir='ltr'><strong>diligentia</strong></span> 
     </span>
     <span class='ocr_line' id='line_1_35' title="bbox 84 3787 1183 3889; baseline -0.005 -23"><span class='ocrx_word' id='word_1_235' title='bbox 84 3798 427 3866; x_wconf 80' lang='lat' dir='ltr'><strong>commendandum.</strong></span> <span class='ocrx_word' id='word_1_236' title='bbox 487 3789 722 3889; x_wconf 88' lang='lat' dir='ltr'><strong>Proptereanc</strong></span> <span class='ocrx_word' id='word_1_237' title='bbox 751 3793 842 3862; x_wconf 88' lang='lat' dir='ltr'><strong>male</strong></span> <span class='ocrx_word' id='word_1_238' title='bbox 870 3788 1015 3862; x_wconf 83' lang='lat' dir='ltr'><strong>sedulus</strong></span> <span class='ocrx_word' id='word_1_239' title='bbox 1047 3787 1183 3861; x_wconf 90' lang='lat' dir='ltr'><strong>iudica·</strong></span> 
     </span>
     <span class='ocr_line' id='line_1_36' title="bbox 88 3888 1181 3992; baseline -0.003 -24"><span class='ocrx_word' id='word_1_240' title='bbox 88 3916 205 3988; x_wconf 87' lang='lat' dir='ltr'><strong>retur,</strong></span> <span class='ocrx_word' id='word_1_241' title='bbox 238 3895 301 3992; x_wconf 90' lang='lat' dir='ltr'><strong>qni</strong></span> <span class='ocrx_word' id='word_1_242' title='bbox 333 3892 490 3966; x_wconf 89' lang='lat' dir='ltr'><strong>centenis</strong></span> <span class='ocrx_word' id='word_1_243' title='bbox 522 3892 658 3989; x_wconf 89' lang='lat' dir='ltr'><strong>aliquot</strong></span> <span class='ocrx_word' id='word_1_244' title='bbox 683 3893 912 3992; x_wconf 86' lang='lat' dir='ltr'><strong>corruptelis,</strong></span> <span class='ocrx_word' id='word_1_245' title='bbox 945 3919 1033 3990; x_wconf 89' lang='lat' dir='ltr'><strong>quas</strong></span> <span class='ocrx_word' id='word_1_246' title='bbox 1059 3888 1181 3965; x_wconf 90' lang='lat' dir='ltr'><strong>Nonio</strong></span> 
     </span>
     <span class='ocr_line' id='line_1_37' title="bbox 86 3993 1180 4095; baseline -0.005 -26"><span class='ocrx_word' id='word_1_247' title='bbox 86 3998 313 4090; x_wconf 83' lang='lat' dir='ltr'><strong>inflixerunt,</strong></span> <span class='ocrx_word' id='word_1_248' title='bbox 347 3995 450 4069; x_wconf 86' lang='lat' dir='ltr'>MSS.</span> <span class='ocrx_word' id='word_1_249' title='bbox 481 3994 611 4066; x_wconf 82' lang='lat' dir='ltr'><strong>anxilio</strong></span> <span class='ocrx_word' id='word_1_250' title='bbox 642 3993 868 4095; x_wconf 85' lang='lat' dir='ltr'><strong>persanandis</strong></span> <span class='ocrx_word' id='word_1_251' title='bbox 901 4021 1045 4094; x_wconf 87' lang='lat' dir='ltr'><strong>operam</strong></span> <span class='ocrx_word' id='word_1_252' title='bbox 1082 3993 1180 4066; x_wconf 90' lang='lat' dir='ltr'><strong>suam</strong></span> 
     </span>
     <span class='ocr_line' id='line_1_38' title="bbox 87 4093 1181 4195; baseline -0.005 -25"><span class='ocrx_word' id='word_1_253' title='bbox 87 4098 298 4175; x_wconf 78' lang='lat' dir='ltr'><strong>addiceret?</strong></span> <span class='ocrx_word' id='word_1_254' title='bbox 324 4101 399 4172; x_wconf 85' lang='lat' dir='ltr'><strong>Suo</strong></span> <span class='ocrx_word' id='word_1_255' title='bbox 424 4097 552 4170; x_wconf 90' lang='lat' dir='ltr'><strong>merito</strong></span> <span class='ocrx_word' id='word_1_256' title='bbox 576 4093 736 4171; x_wconf 90' lang='lat' dir='ltr'><strong>Nouium</strong></span> <span class='ocrx_word' id='word_1_257' title='bbox 757 4125 852 4169; x_wconf 89' lang='lat' dir='ltr'><strong>nunc</strong></span> <span class='ocrx_word' id='word_1_258' title='bbox 872 4097 989 4195; x_wconf 82' lang='lat' dir='ltr'><strong>magui</strong></span> <span class='ocrx_word' id='word_1_259' title='bbox 1008 4093 1181 4169; x_wconf 84' lang='lat' dir='ltr'><strong>aestimari</strong></span> 
     </span>
    </p>
   </div>
   <div class='ocr_carea' id='block_1_3' title="bbox 85 4198 1179 4301">
    <p class='ocr_par' dir='ltr' id='par_1_3' title="bbox 85 4198 1179 4301">
     <span class='ocr_line' id='line_1_39' title="bbox 85 4198 1179 4301; baseline -0.005 -26"><span class='ocrx_word' id='word_1_260' title='bbox 85 4202 225 4279; x_wconf 85' lang='lat' dir='ltr'><strong>iudicat</strong></span> <span class='ocrx_word' id='word_1_261' title='bbox 255 4202 457 4299; x_wconf 85' lang='lat' dir='ltr'><strong>Merccrus,</strong></span> <span class='ocrx_word' id='word_1_262' title='bbox 488 4221 523 4275; x_wconf 91' lang='lat' dir='ltr'><strong>et</strong></span> <span class='ocrx_word' id='word_1_263' title='bbox 553 4225 645 4301; x_wconf 86' lang='lat' dir='ltr'><strong>quae</strong></span> <span class='ocrx_word' id='word_1_264' title='bbox 678 4199 726 4274; x_wconf 89' lang='lat' dir='ltr'><strong>ad</strong></span> <span class='ocrx_word' id='word_1_265' title='bbox 761 4227 838 4273; x_wconf 88' lang='lat' dir='ltr'><strong>eam</strong></span> <span class='ocrx_word' id='word_1_266' title='bbox 869 4227 943 4275; x_wconf 86' lang='lat' dir='ltr'><strong>rem</strong></span> <span class='ocrx_word' id='word_1_267' title='bbox 958 4225 991 4271; x_wconf 86' lang='lat' dir='ltr'><strong>-a</strong></span> <span class='ocrx_word' id='word_1_268' title='bbox 1015 4198 1179 4274; x_wconf 87' lang='lat' dir='ltr'><strong>Mercero</strong></span> 
     </span>
    </p>
   </div>
   <div class='ocr_carea' id='block_1_4' title="bbox 0 0 1354 4764">
    <p class='ocr_par' dir='ltr' id='par_1_4' title="bbox 0 0 1354 4764">
     <span class='ocr_line' id='line_1_40' title="bbox 0 0 1354 4764; baseline 0 2"><span class='ocrx_word' id='word_1_269' title='bbox 0 0 1354 4764; x_wconf 95' lang='lat' dir='ltr'><strong> </strong></span> 
     </span>
    </p>
   </div>
  </div>
 </body>
</html>
