2700 4764
131 200 141 215 ’
216 236 663 308 Αιιιιοιιιοιιιιι.
687 240 748 309 111.
771 241 868 313 orn.
894 243 991 313 vru.
1103 253 1172 347 ιι,

28 430 186 513 *dieitur
201 428 291 515 apud
304 431 467 523 Demostle
483 425 726 496 inAristoerat·
717 453 775 518 p.
796 432 879 522 457.
891 431 937 500 A.
974 441 1174 510 Μένωνι
1128 470 1173 539 up

62 536 245 627 Φαρσαλίῳ
266 570 370 585 ---
393 535 594 621 τριακοσίοις
616 531 754 603 ἱππεῦσι
778 536 947 620 πενέσταις
965 536 1072 625 ἰδίοις
1093 549 1174 630 βοη·

58 634 242 724 δήσαντι
231 674 334 688 --·-
356 638 529 707 πολιτείαν
546 638 684 705 ἔδοσαν·
720 659 802 726 quae
829 641 971 741 totidem
992 647 1101 710 verbis
1122 650 1173 714 la-

60 752 187 829 guntur
200 743 326 803 etiam
315 745 516 805 moratione
537 767 613 831 ιιιρι
635 769 691 823 της
713 733 911 825 συντάξεως
913 769 947 832 Ρ.
974 767 1029 833 70
1046 748 1083 812 C.
1107 750 1169 817 aiii

59 842 212 935 quodibi
224 864 289 928 pro
301 845 500 933 τριακοσίοις
513 855 605 907 extat
617 845 816 923 διακοσίοις·
840 853 908 934 qui,
932 860 1008 912 utra
1024 858 1168 936 genuina

60 945 98 1013 fit
107 947 226 1024 leutio,
247 945 462 1010 coniectando
475 945 607 1033 adsequi
621 948 770 1026 valuerit,
791 969 852 1011 nae
866 955 894 1012 is
908 972 1048 1035 magnus
1064 977 1168 1040 opor-

59 1047 161 1113 totfit
174 1052 354 1113 coniector.
404 1047 443 1113 In
463 1048 637 1135 posteriori
659 1051 734 1114 loco
757 1058 911 1132 πενέστας
923 1075 991 1116 nou
1006 1055 1090 1119 bene
1107 1080 1169 1143 per
1191 1065 1251 1145 ¹93
1288 1120 1294 1128 ,

60 1156 194 1223 &aaran
220 1149 366 1215 reddidit
403 1152 565 1244 Wolfiuo,
606 1159 757 1240 priorem
785 1153 899 1219 locum
929 1166 1062 1222 tantum
1090 1165 1170 1225 citat

62 1257 330 1349 Harpocration.

162 1350 351 1477 Πειραστὴς
378 1363 432 1426 και
462 1351 626 1448 Πιιρατὴς
659 1358 823 1454 διαφέρει
892 1355 1081 1452 Πιιραστης
1111 1364 1195 1452 μὲν

60 1488 124 1555 γαρ
151 1456 171 1533 (ί
197 1458 378 1549 πειράζων·
408 1457 648 1553 Πιιρατηςδὲ,
673 1490 692 1531 ο
721 1459 912 1543 θαλάσσιος
937 1462 1063 1558 λῃστής.
1113 1475 1170 1536 καὶ

61 1568 204 1655 Νεῖλος,
231 1564 297 1644 Τοίς
316 1569 535 1647 διαλυθείσας
554 1571 690 1646 σανιδας
711 1562 947 1646 καταλιπόντες
968 1578 1034 1648 τοῖς
1054 1595 1170 1661 πειρα-

59 1670 156 1757 ταῖς]
190 1658 435 1735 Vetufliffimoa
460 1668 617 1733 Graeciae
634 1669 845 1755 scriptores
836 1695 996 1759 ιιιιρατας
1017 1679 1171 1745 marinae

10 1804 16 1813 ·
59 1770 186 1843 voaaffe
199 1772 406 1866 praedones,
434 1769 524 1834 haud
548 1771 676 1835 dixero.
741 1769 967 1858 Proptereane
990 1776 1169 1857 crederem,

59 1872 140 1941 huic
156 1880 251 1943 :voci
281 1873 477 1939 adseressdfle
506 1873 569 1947 dil
555 1879 624 1943 luna
655 1874 695 1938 ab
729 1875 913 1943 Ammonio
946 1874 1169 1942 advocatum?

60 1974 168 2043 Nihil·
184 1982 308 2043 minna.
366 1974 459 2040 Cedo
483 1987 522 2039 tu
540 1974 626 2041 mihi
649 1998 692 2041 ex
722 1982 848 2047 Leonis
869 1981 992 2047 Atinati
1013 1977 1169 2046 Diatriba

61 2090 116 2144 aut
138 2078 274 2143 aliunde
297 2080 437 2159 Nilum,
465 2083 519 2141 cui
540 2078 598 2142 iiia
616 2086 652 2142 in
673 2082 856 2150 Ammonio
879 2075 973 2175 ῥῆσις
986 2080 1055 2145 ulia
1067 2079 1170 2167 poffit

60 2187 191 2247 ratione
205 2179 406 2263 convenire?
427 2185 598 2245 neminem
614 2181 750 2262 dederis,
773 2181 833 2247 nifi
847 2181 952 2253 infimi
970 2188 1040 2247 aevi
1055 2181 1171 2247 homi-

62 2305 137 2363 nes,
165 2295 223 2349 aut
241 2296 329 2348 certe
348 2284 389 2348 ad
408 2285 588 2354 Ammonii
606 2288 837 2372 antiquitatem
858 2290 1053 2373 neutiquam
1076 2307 1171 2350 com-

62 2386 239 2475 parandos.
290 2384 383 2451 Hinc
397 2387 523 2452 factum
537 2385 597 2465 est,
622 2397 660 2451 ut
676 2387 734 2451 diu
756 2386 858 2452 fuerit
871 2387 961 2473 apud
976 2409 1032 2451 me
1046 2384 1102 2450 hic
1116 2387 1169 2450 lo-

62 2511 117 2554 cus
138 2488 181 2554 de
207 2490 329 2555 mendo
353 2487 536 2576 suspectus,
565 2490 656 2577 quod
675 2500 807 2567 tamen,
835 2489 898 2553 five
917 2486 981 2551 hac
999 2488 1170 2554 tentabam

62 2589 123 2657 five
146 2592 243 2673 illac,
270 2591 346 2657 totti
362 2614 381 2654 a
396 2613 451 2657 me
465 2612 534 2656 non
548 2602 703 2678 poterat.·‘
742 2591 872 2676 Rogavi
892 2595 1004 2677 itaque
1026 2589 1076 2652 Cl.
1102 2587 1188 2660 Ar.'

62 2698 220 2783 acidum,
245 2698 364 2783 inquo
379 2705 511 2781 praeter
526 2691 686 2777 infignem
705 2693 875 2756 doctrinae
888 2696 1019 2777 copiam
1041 2690 1171 2777 semper

63 2797 246 2863 admiratus
268 2795 321 2859 sui
341 2795 474 2860 infitam
489 2805 584 2858 acuta
606 2793 773 2878 cogitandi
787 2798 962 2871 virtutem,
987 2804 1025 2855 ut
1040 2793 1171 2857 adiecto

62 2898 137 2987 loco
158 2897 326 2965 medelam
344 2899 554 2976 admoveret3
584 2901 630 2975 ia,
662 2906 700 2960 ut
722 2895 765 2959 er
787 2895 894 2959 facilis
915 2892 1066 2983 mihique
1085 2899 1171 2958 ami-
1244 2881 1246 2885 Α

63 3000 227 3085 ammae,
262 3022 347 3065 mox
368 3022 459 3080 eam,
492 3022 592 3088 quam
612 3003 794 3085 inportuna
819 2998 893 3067 Nili
908 3001 1036 3061 mentio
1050 3003 1173 3083 iniece-

63 3116 122 3184 ιιι,
150 3102 239 3168 mihi
253 3103 378 3167 ademit
395 3101 661 3179 sollicitudinem,
683 3122 803 3187 meque
823 3123 886 3187 per
903 3100 1014 3163 iiteras
1028 3104 1172 3180 monuit,
1212 3148 1218 3159 .

10 3194 13 3209 ’
64 3226 127 3293 Ριο
141 3211 201 3275 καὶ
222 3211 354 3295 Νεῖλος,
385 3198 451 3284 Teia
472 3208 501 3273 ὃ.
524 3203 582 3266 fibi
596 3203 774 3288 legendum
793 3203 912 3270 rideri:
935 3209 990 3269 καὶ
1012 3198 1089 3286 νηός
1111 3194 1171 3283 τιίς
1230 3265 1234 3271 .

66 3311 284 3389 διαλοθείσας
308 3333 338 3376 σ.
365 3330 430 3397 qua
445 3306 674 3373 emendatione
690 3305 822 3371 ,nullam
844 3309 1025 3382 veriorem,
1050 3327 1171 3390 paucas

67 3410 283 3497 elegantiores
319 3411 390 3474 dart
429 3408 521 3497 pulsa
554 3408 730 3473 contendo.
794 3405 993 3471 Adscribam
1019 3407 1119 3470 verba
1152 3427 1171 3469 e

68 3518 217 3608 Xenma
236 3515 368 3607 Eptqtt
380 3529 416 3574 11.
408 3534 465 3598 ..p
484 3512 542 3575 34.
568 3517 623 3578 καὶ
647 3536 702 3593 της
726 3503 802 3589 reda
822 3502 993 3601 drappoye'
982 3531 1052 3589 ισης
1074 3505 1173 3594 μόλις

68 3618 232 3686 λισαιίδι
253 3623 320 3686 τινὶ
343 3620 504 3694 σωθέντες
526 3606 583 3682 ἐιτ
606 3611 757 3699 αἰγιαλοῦ
777 3608 865 3693 τινος
887 3615 1005 3691 nidor.
1028 3605 1086 3679 Ab.
1105 3607 1173 3673 hoo

69 3716 141 3785 loco
167 3740 239 3784 non
264 3720 401 3803 longe
390 3742 419 3780 rs
444 3714 511 3779 fuit
536 3713 701 3794 diversus,
736 3738 754 3779 e
789 3737 855 3802 quo
881 3733 986 3799 pauca
1008 3711 1173 3799 produxit

70 3822 181 3893 Amne
216 3825 442 3907 cuiuscunque
475 3817 612 3880 demum
641 3815 704 3881 fint
731 3820 884 3881 auctoris.
959 3811 1060 3893 Quod
1091 3834 1172 3889 vero

70 3926 168 4009 paulo
192 3933 270 3987 anto
289 3921 490 4008 incipiebam
511 3917 637 3995 dicere,
668 3919 718 3996 id,
741 3928 780 3980 ut
794 3922 933 4003 opinor,
955 3912 1057 3979 dubio
1071 3926 1173 3982 vacat.

70 4020 277 4091 vetustiores
298 4036 331 4087 et
357 4022 512 4086 cultiores
531 4023 667 4113 piratae
688 4018 803 4110 (quam
824 4038 941 4083 vocem
960 4016 1077 4083 Latini
1098 4016 1184 4107 post
1195 4023 1254 4098 194

73 4131 264 4198 Varronem
278 4122 544 4214 frequentarunt)
557 4122 754 4207 garreraliori
770 4124 906 4185 nomine
925 4112 1045 4214 λῃστας
1059 4119 1175 4206 appel-

69 4226 136 4299 lare
157 4229 283 4314 solent,
306 4228 362 4296 rel
383 4232 485 4295 etiam
507 4217 582 4308 τούς
601 4228 637 4297 ἰν
658 4251 699 4321 τῃ
682 4217 1173 4378 θαλάσσηὲιιαιιονργοῦνιας

933 4339 951 4379 2
