2700 4764
419 232 813 299 PRAEFATIO.
1109 268 1167 310 nx

65 436 131 482 rrr.
155 439 191 506 p.
216 413 273 485 45,
296 429 332 482 et
354 409 414 481 46.
444 404 652 498 Salmafius,
667 407 744 507 ·qni
769 406 941 503 eundem,
966 439 1078 509 quem
1096 445 1163 491 nos

63 511 308 604 tractavimus,
330 509 496 581 libellum
520 508 719 608 usurpavit,
743 511 797 582 De
818 510 1002 587 Hellenist.
1024 547 1058 616 p.
1083 530 1162 593 148.

68 618 298 703 Tractatum,
349 612 487 711 inquit,
527 614 644 710 ipsum
687 615 922 689 Lesbonoclis
965 624 1166 715 aliquando

52 720 209 815 sortoffe
232 723 280 787 'in
307 720 422 786 lucem
457 719 538 787 edet
567 718 817 811 eruditiffimus
848 732 883 788 et
900 722 1167 817 praestorrtrffi'·

64 848 146 895 mos
167 822 325 916 Isoooius
353 819 504 912 Voffius,
534 824 676 905 llrmmo
705 824 787 892 viro
812 825 1033 917 dgufflmar
1051 832 1164 921 filim,

64 930 131 1023 qui
158 952 204 995 ear
232 925 444 997 Florentino
478 922 704 995 Bibliotheca
733 926 948 1019 descriptum
980 955 1097 1026 nuper
1118 938 1171 1004 rrrl

66 1054 240 1100 meeum
260 1027 440 1119 submiſsi.
474 1024 611 1110 ‘Quod
647 1023 701 1097 ad=
729 1024 873 1097 initium
905 1028 1024 1102 Eranii
1058 1063 1076 1105 a
1110 1061 1168 1107 rue

65 1130 220 1231 politum
253 1127 325 1222 est,
357 1155 376 1198 a
414 1120 579 1200 Parilino'
607 1127 743 1201 Codice
780 1128 998 1229 descriptum
1034 1134 1169 1209 Lesbo·

66 1255 225 1323 nactern,
249 1232 447 1325 etiamnum
473 1257 556 1305 vero
582 1230 725 1304 videtur
750 1228 909 1303 fimilius.

168 1336 427 1408 Lesbonactem
456 1333 639 1433 excipiunt
664 1331 779 1432 capita
811 1334 855 1406 de
886 1336 1108 1414 Soloecilmo
1136 1361 1172 1415 ct

67 1436 311 1528 Barbaril'mo‚
343 1462 433 1535 quae
460 1436 497 1506 in
530 1435 750 1510 Adversariis
776 1437 882 1509 etiam
913 1438 958 1512 Il.
982 1441 1091 1513 Vollii
1121 1446 1172 1515 le·

66 1544 260 1640 gebantur,
305 1566 347 1610 ex
382 1536 569 1637 praestanti
606 1537 742 1611 Codice
778 1567 797 1610 a
825 1538 948 1615 Voffio
981 1542 1170 1644 descripta.

42 1644 104 1714 ·ls
124 1643 219 1713 liber·
241 1647 409 1737 (namque
436 1638 477 1710 id
500 1640 734 1737 praetermitti
759 1667 832 1711 non
858 1643 986 1740 potest)
1012 1651 1175 1721 coutine-

65 1746 132 1816 bat
154 1740 315 1842 Dionysii
330 1739 483 1814 Thracis
510 1741 817 1812 Artcrn.Gramm.
846 1765 880 1814 et
905 1742 942 1814 in
968 1773 1045 1817 earu
1066 1746 1175 1821 Corn·

65 1845 265 1919 mentarios
299 1842 369 1916 five
408 1840 555 1914 Scholia
596 1842 805 1937 Diomedis,
854 1845 1046 1945 Stephani,
1088 1848 1175 1922 Por-

68 1947 209 2048 phyrii,
232 1969 266 2018 et
288 1946 414 2017 incerti
430 1943 613 2042 scriptoris
637 1945 790 2037 librum,
815 1947 879 2047 qni
903 1950 1174 2040 definitionibus

68 2055 143 2126 fere
176 2047 428 2121 Grammaticis
458 2044 647 2118 constabat.
702 2049 897 2121 Subiiciam
922 2079 1036 2146 nunc,
1071 2050 1175 2154 qnod

67 2154 127 2225 his
160 2147 612 2250 capitibus-adscripscrat
652 2146 696 2219 Is.
742 2150 889 2226 Vollius.
942 2154 1098 2255 „Capita
1127 2157 1174 2230 de

67 2252 325 2349 „Soloecilino
368 2274 403 2325 ct
424 2251 678 2345 'Barbarismo,
708 2280 798 2351 quae
827 2255 866 2328 in
896 2254 975 2328 MS.
1013 2259 1175 2332 dehinc“

67 2358 130 2451 (id
154 2356 204 2429 cst
231 2356 359 2429 incerti
387 2354 544 2427 auctoris
565 2352 667 2455 operi
687 2353 866 2455 subiecta)
896 2358 1174 2458 „sequebantur,

69 2489 143 2555 „an
160 2457 333 2545 eiusdem,
355 2486 398 2529 an
414 2482 498 2532 vero
520 2457 609 2528 alius
627 2457 692 2530 tint
708 2460 874 2551 auctoris,
898 2460 1085 2535 adfirmare
1103 2490 1176 2536 uon

61 2562 254 2662 „pullum
290 2560 357 2633 Ut
385 2581 425 2635 ut
455 2559 514 2650 fit,
554 2557 636 2631 sunt
666 2559 862 2632 utiliffirna:
907 2565 1066 2657 quamvis
1101 2566 1176 2637 Ho-

70 2652 243 2761 „rrlerum
270 2675 309 2736 et*
330 2664 431 2760 aliosx
446 2662 634 2759 aliquoties
658 2659 874 2733 Barbarilmi
901 2684 935 2733 et
964 2664 1175 2738 Soloecilrui
1256 2700 1258 2704 ’

70 2792 286 2866 „perperam
320 2763 496 2836 accuset.“
556 2760 642 2832 Non
694 2761 825 2833 iniuria
868 2763 986 2861 itaque
1021 2765 1174 2858 mireris,

69 2870 236 2970 priorum
282 2869 441 2967 capitum
490 2882 692 2955 auctorem,
752 2864 912 2962 quamvis
959 2865 1175 2964 dubitanter,

70 2962 282 3046 Diomeden
309 2968 430 3044 vocari
460 2995 479 3039 a
508 2965 630 3039 Voffio
651 2963 707 3067 ad
734 2963 863 3040 Catull.
891 2995 925 3069 p.
952 2974 1037 3041 226.
1062 2970 1177 3069 poste·

72 3074 211 3146 riorum
250 3098 334 3145 vero
385 3069 607 3170 Stephanum
644 3069 925 3155 Grammatieum
960 3073 1178 3171 ,Byzantium

72 3176 120 3251 od
150 3176 286 3247 Melam
314 3203 348 3272 p.
384 3197 465 3246 201.
498 3171 640 3261 Priora,
670 3191 711 3242 nt
744 3173 782 3243 in
816 3173 910 3246 notis
942 3176 1084 3266 monui,
1117 3178 1178 3247 Du

74 3277 204 3375 cangii
231 3276 367 3348 indicio
392 3274 513 3375 potius
532 3271 579 3345 ad
600 3271 849 3346 Herodianum
872 3276 995 3347 referri
1020 3298 1177 3372 queunt3

74 3379 154 3471 etli,
189 3406 280 3476 quae
309 3377 402 3450 hanc
425 3375 663 3476 suspicionem
692 3397 854 3468 movent,
874 3375 997 3467 ¹‚defiat
1020 3378 1057 3448 in
1082 3378 1177 3451 libro

73 3479 243 3555 Voffiano
280 3478 507 3581 apographo,
555 3484 673 3578 quem'
692 3477 730 3549 in
769 3477 842 3551 istis
878 3481 1070 3577 capitibus,
1112 3478 1179 3551 ubi

74 3584 223 3657 materia
238 3583 353 3658 ’κατὰ
378 3578 522 3673 πλάτος
547 3601 731 3673 tractatur,
757 3609 870 3652 unurn
896 3580 1026 3653 ducem
1051 3582 1179 3653 habui·

73 3702 186 3778 mne,
204 3685 292 3757 dum
325 3686 444 3783 priora
471 3685 653 3782 vulgamus
687 3684 795 3781 paulo
826 3683 974 3757 meliora
1010 3709 1052 3754 ex
1085 3685 1178 3756 binis

74 3787 196 3863 Codd.
236 3788 340 3860 MSS.
379 3784 534 3878 BataviS,
577 3811 734 3883 quorum
780 3787 880 3884 prior
925 3786 1182 3884 antiquillrmns

73 3893 170 3965 inter
192 3890 462 3964 VossianosGr.
489 3886 533 3958 in.
543 3896 579 3958 4.
600 3885 670 3957 Νι.
690 3891 748 3978 76.
773 3887 851 3987 post
875 3889 1038 3988 Dionylii
1065 3888 1181 3960 Thra-

73 3995 132 4067 cis
160 3995 440 4066 Grammaticam
478 4009 514 4062 et
561 3988 697 4060 incerti
723 3991 878 4062 auctoris
913 4011 1100 4062 tractatum
1135 3988 1181 4087 de

74 4096 200 4171 metris
247 4094 336 4168 haec
386 4094 494 4166 etiam
539 4091 654 4191 capita
696 4093 1012 4191 complectebatur.
1080 4091 1182 4162 Alter

74 4197 170 4273 Cod.
206 4197 247 4272 Β.
280 4196 379 4271 idern
408 4197 472 4270 ille
508 4192 593 4290 est,
610 4192 687 4297 qui'·
716 4194 876 4270 Lexicon
915 4196 960 4265 de
998 4192 1181 4293 spiritibus

506 4318 514 4333 ⁸
903 4302 963 4362 ba
