2700 4764
424 198 879 271 nantelmo
1153 224 1205 269 m

168 367 323 468 ‚Itaque
364 366 600 447 Ammonium
636 372 752 447 Vobis
759 430 771 469 ,
821 374 915 449 er
957 370 1201 472 Noamrssnrr,

93 502 366 585 venerabundus
398 503 481 578 dico
510 524 617 605 atque
644 506 793 603 dedico,
827 509 886 581 eui
916 508 1063 607 liquid
1093 510 1202 585 huia·

92 612 202 737 opera
235 638 416 713 accell'orit
443 641 664 735 ornamenti,
697 641 737 715 id
764 671 871 717 omne
906 644 1033 719 Batava
1060 643 1201 717 Biblio-

15 788 18 793 ·
93 771 200 845 theca
225 748 480 872 suppeditavit,
517 796 623 875 atque
649 774 740 851 adeo
764 777 931 852 Vestrum
956 778 1016 855 est.
1072 782 1200 854 Gram-

47 960 54 984 ,-
92 905 263 981 matieus
281 908 311 981 is
355 903 503 1008 quidem
543 909 608 1005 est,
649 911 711 985 sed
746 916 829 1013 prae
867 914 995 988 ceteris
1021 911 1196 1005 eruditus,

93 1040 197 1113 euius
217 1040 366 1140 exiguus
389 1044 491 1118 labor
510 1016 668 1145 plurima
695 1048 880 1142 recondit,
916 1075 1006 1148 quae
1031 1045 1198 1121 hominen

93 1174 131 1247 in
167 1175 340 1249 Veterum
381 1177 522 1279 scriptis
562 1182 791 1278 quantumvis
826 1181 1007 1256 exercitati
1055 1181 1196 1278 penitus

89 1300 311 1410 ignorarent,
338 1313 364 1386 li
387 1342 461 1388 nou
486 1316 698 1391 Ammonius
728 1309 928 1392 fastidiosae
964 1315 1194 1431 librariorum

89 1445 249 1544 ignaviae
285 1447 486 1524 subductus
518 1451 567 1529 ad
603 1451 722 1526 nostra
758 1471 871 1552 usque
913 1473 1078 1551 tempora.
1113 1474 1194 1548 per·

42 1637 46 1642 -
88 1581 291 1656 manliffet„
321 1583 365 1654 ‘Is
396 1583 542 1658 tandem
569 1585 619 1658 ell
647 1587 879 1679 Ammonius,
917 1613 1028 1687 quem
1053 1604 1193 1659 aeterna

89 1714 236 1788 Vestrae
275 1715 491 1790 Academiae
527 1718 683 1811 lumina,
719 1720 879 1818 Scaliger
916 1741 951 1792 et
990 1717 1192 1817 Salmaliua,

86 1851 150 1923 lua
182 1851 290 1924 laude
317 1878 391 1924 non
424 1849 613 1952 iudignum
646 1843 857 1926 censuerint.
916 1853 960 1927 Et
990 1879 1062 1951 qua
1092 1870 1192 1949 parte

86 1986 161 2063 illis
194 1987 283 2078 fuit,
323 1986 438 2061 Vobis
479 1987 565 2060 item
603 1988 671 2061 erit
716 1986 986 2089 acceptillimus.
1051 1985 1191 2072 Quotus

36 2154 37 2161 ¹
87 2121 183 2196 enim
210 2120 363 2218 quisque
390 2149 433 2203 ex
456 2122 577 2204 Vobis!
598 2120 669 2226 ‘stt
694 2122 784 2195 vau
810 2122 1099 2212 laevermaamr,
1129 2117 1190 2191 cui

89 2283 162 2328 non
203 2253 245 2326 lit
286 2257 528 2355 exploratum,
574 2230 815 2331 Romanarum
854 2257 974 2356 legum
1015 2255 1190 2353 originem

88 2388 241 2468 Athenis
259 2387 327 2463 effe
352 2400 596 2491 repetendam,
621 2394 755 2494 quique
778 2421 852 2474 non
878 2392 919 2473 id
943 2417 1050 2471 omne
1070 2409 1191 2486 gratus

88 2525 256 2627 excipiat,
286 2521 469 2623 quidquid
492 2525 539 2604 ad
565 2528 697 2601 laceras
722 2527 875 2600 Romani
899 2527 992 2609 luris
1016 2524 1188 2620 reliquiae

10 2648 15 2655 ¹
89 2656 356 2759 componendas
386 2679 422 2731 et
449 2643 673 2734 illustrandae
700 2658 787 2733 olim
819 2659 892 2729 fuit
919 2685 960 2730 ex
983 2657 1095 2730 Attici
1119 2648 1190 2734 fori

90 2792 346 2866 consuetudine
375 2814 658 2890 comportatum,
685 2812 721 2864 et
750 2789 953 2862 hodiedum
986 2792 1029 2860 ab
1057 2789 1100 2861 iis
1127 2786 1189 2860 ad·
1280 2820 1284 2831 ¹

89 2928 175 3000 ferri
202 2927 310 3014 solet,
339 2925 404 3031 qui
434 2923 473 3003 itt
500 2924 624 3000 Vestra
650 2928 759 3000 Sacra
789 2923 879 2999 casse
906 2922 1037 3024 pedem
1059 2923 1188 3004 intule-

88 3060 199 3135 runt?
251 3061 455 3155 intereos,
486 3064 550 3162 qui
573 3060 620 3135 ad
640 3062 733 3135 hanc
766 3087 842 3137 rem
867 3058 1091 3154 conducunt,
1117 3057 1189 3157 pri·

89 3225 189 3268 mum
220 3193 285 3267 fibi
315 3198 435 3270 locum
470 3197 627 3272 vindicat
663 3196 896 3283 Ammonius,
931 3197 988 3272 vel
1024 3222 1101 3274 eant
1139 3192 1188 3265 Ob

89 3331 266 3404 rationem
313 3330 458 3428 dignus,
516 3332 580 3429 qui
622 3331 661 3403 in
701 3330 939 3408 honorificam
987 3328 1191 3407 clientelam

90 3463 316 3564 suscipiatur,
346 3485 380 3538 ct
401 3465 468 3538 sub
487 3464 684 3542 illustrium
712 3462 918 3557 Nominum·
936 3463 1125 3565 splendore
1152 3460 1191 3534 in

90 3601 219 3696 vulgus
239 3597 401 3701 prodeat.
1262 3578 1266 3585 .

197 3735 299 3822 Quos
339 3757 487 3835 propter
523 3735 689 3809 materiae
725 3730 946 3813 adfinitatem
996 3731 1191 3806 Ammonio

93 3870 242 3944 comites
264 3868 428 3959 adiunxi,
449 3868 599 3945 Eranius
624 3869 747 3962 Philo,
773 3869 977 3960 LesbonaxJ
990 3866 1035 3941 vet
1051 3867 1192 3964 reliqui,

93 4032 279 4105 nunquam
320 4003 358 4078 in
405 4004 524 4080 lucem
565 4004 673 4098 editi,
715 4003 780 4075 ubi
823 4002 872 4077 ad
915 4002 991 4079 Vos
1031 4001 1192 4092 redeunt,
1293 4093 1296 4098 ,

95 4137 285 4237 pristinum
309 4137 377 4214 fibi
399 4138 522 4213 locum
540 4159 760 4242 recuperant·
799 4138 801 4143 ¹
